04.10.2016 10:00:01.247;	15172;	-1
04.10.2016 10:00:01.247;	15171;	-1
04.10.2016 10:00:01.247;	15169;	-1
04.10.2016 10:00:01.247;	15168;	-1
04.10.2016 10:00:01.247;	15167;	-1
04.10.2016 10:00:01.251;	15178;	2
04.10.2016 10:00:01.251;	15179;	3
04.10.2016 10:00:01.251;	15180;	5
04.10.2016 10:00:01.287;	15179;	1
04.10.2016 10:00:01.295;	15165;	-2
04.10.2016 10:00:01.295;	15164;	-3
04.10.2016 10:00:01.295;	15163;	-5
04.10.2016 10:00:01.295;	15162;	-5
04.10.2016 10:00:01.295;	15161;	-5
04.10.2016 10:00:01.324;	15173;	-2
04.10.2016 10:00:01.325;	15162;	-3
04.10.2016 10:00:01.352;	15161;	10
04.10.2016 10:00:01.353;	15161;	3
04.10.2016 10:00:01.354;	15161;	3
04.10.2016 10:00:01.359;	15167;	-6
04.10.2016 10:00:01.359;	15166;	-6
04.10.2016 10:00:01.375;	15177;	2
04.10.2016 10:00:01.375;	15179;	2
04.10.2016 10:00:01.375;	15180;	6
04.10.2016 10:00:01.376;	15168;	-3
04.10.2016 10:00:01.376;	15164;	-1
04.10.2016 10:00:01.376;	15166;	2
04.10.2016 10:00:01.377;	15161;	-3
04.10.2016 10:00:01.388;	15160;	-5
04.10.2016 10:00:01.394;	15168;	2
04.10.2016 10:00:01.399;	15171;	-2
04.10.2016 10:00:01.399;	15170;	-8
04.10.2016 10:00:01.399;	15164;	-1
04.10.2016 10:00:01.399;	15160;	-1
04.10.2016 10:00:01.402;	15160;	-3
04.10.2016 10:00:01.405;	15164;	-1
04.10.2016 10:00:01.405;	15160;	-1
04.10.2016 10:00:01.405;	15159;	-1
04.10.2016 10:00:01.405;	15159;	-1
04.10.2016 10:00:01.405;	15158;	-16
04.10.2016 10:00:01.411;	15158;	-5
04.10.2016 10:00:01.418;	15160;	1
04.10.2016 10:00:01.423;	15170;	2
04.10.2016 10:00:01.425;	15158;	2
04.10.2016 10:00:01.437;	15157;	-1
04.10.2016 10:00:01.437;	15157;	-1
04.10.2016 10:00:01.437;	15156;	-12
04.10.2016 10:00:01.437;	15156;	-6
04.10.2016 10:00:01.452;	15156;	-2
04.10.2016 10:00:01.484;	15156;	-2
04.10.2016 10:00:01.484;	15155;	-1
04.10.2016 10:00:01.484;	15155;	-1
04.10.2016 10:00:01.484;	15155;	-1
04.10.2016 10:00:01.487;	15155;	-1
04.10.2016 10:00:01.487;	15155;	-1
04.10.2016 10:00:01.487;	15155;	-1
04.10.2016 10:00:01.487;	15154;	-1
04.10.2016 10:00:01.487;	15154;	-1
04.10.2016 10:00:01.512;	15153;	-1
04.10.2016 10:00:01.512;	15153;	-1
04.10.2016 10:00:01.512;	15153;	-2
04.10.2016 10:00:01.514;	15153;	-1
04.10.2016 10:00:01.514;	15151;	-4
04.10.2016 10:00:01.583;	15167;	2
04.10.2016 10:00:01.674;	15151;	-1
04.10.2016 10:00:01.674;	15151;	-1
04.10.2016 10:00:01.674;	15151;	-1
04.10.2016 10:00:01.674;	15151;	-1
04.10.2016 10:00:01.674;	15151;	-1
04.10.2016 10:00:01.677;	15161;	-4
04.10.2016 10:00:01.677;	15151;	-1
04.10.2016 10:00:01.682;	15151;	-5
04.10.2016 10:00:01.684;	15151;	-5
04.10.2016 10:00:01.690;	15151;	-1
04.10.2016 10:00:01.707;	15151;	-1
04.10.2016 10:00:01.707;	15151;	-3
04.10.2016 10:00:01.710;	15164;	2
04.10.2016 10:00:01.710;	15169;	10
04.10.2016 10:00:01.710;	15170;	1
04.10.2016 10:00:01.726;	15151;	-1
04.10.2016 10:00:01.726;	15150;	-4
04.10.2016 10:00:01.752;	15151;	-5
04.10.2016 10:00:01.917;	15160;	-2
04.10.2016 10:00:01.918;	15170;	8
04.10.2016 10:00:01.918;	15170;	10
04.10.2016 10:00:01.918;	15171;	1
04.10.2016 10:00:01.918;	15180;	4
04.10.2016 10:00:01.918;	15180;	25
04.10.2016 10:00:01.918;	15180;	25
04.10.2016 10:00:01.918;	15180;	12
04.10.2016 10:00:02.000;	15151;	-4
04.10.2016 10:00:02.049;	15168;	2
04.10.2016 10:00:02.096;	15165;	3
04.10.2016 10:00:02.102;	15165;	3
04.10.2016 10:00:02.123;	15166;	3
04.10.2016 10:00:02.130;	15160;	-3
04.10.2016 10:00:02.130;	15160;	-1
04.10.2016 10:00:02.141;	15160;	-1
04.10.2016 10:00:02.141;	15159;	-15
04.10.2016 10:00:02.150;	15164;	2
04.10.2016 10:00:02.150;	15165;	13
04.10.2016 10:00:02.170;	15159;	-4
04.10.2016 10:00:02.192;	15156;	-2
04.10.2016 10:00:02.192;	15156;	-2
04.10.2016 10:00:02.218;	15163;	3
04.10.2016 10:00:02.218;	15163;	2
04.10.2016 10:00:02.221;	15164;	3
04.10.2016 10:00:02.221;	15164;	2
04.10.2016 10:00:02.224;	15164;	3
04.10.2016 10:00:02.225;	15164;	-2
04.10.2016 10:00:02.225;	15157;	-2
04.10.2016 10:00:02.238;	15163;	3
04.10.2016 10:00:02.238;	15164;	2
04.10.2016 10:00:02.241;	15164;	2
04.10.2016 10:00:02.241;	15164;	3
04.10.2016 10:00:02.244;	15163;	-5
04.10.2016 10:00:02.256;	15165;	1
04.10.2016 10:00:02.288;	15156;	-1
04.10.2016 10:00:02.288;	15156;	-1
04.10.2016 10:00:02.299;	15162;	1
04.10.2016 10:00:02.303;	15163;	1
04.10.2016 10:00:02.307;	15163;	8
04.10.2016 10:00:02.314;	15162;	1
04.10.2016 10:00:02.314;	15163;	7
04.10.2016 10:00:02.319;	15164;	1
04.10.2016 10:00:02.319;	15164;	7
04.10.2016 10:00:02.331;	15168;	46
04.10.2016 10:00:02.335;	15169;	1
04.10.2016 10:00:02.351;	15169;	-2
04.10.2016 10:00:02.351;	15169;	-2
04.10.2016 10:00:02.360;	15172;	-1
04.10.2016 10:00:02.366;	15172;	-2
04.10.2016 10:00:02.366;	15171;	-3
04.10.2016 10:00:02.366;	15171;	-28
04.10.2016 10:00:02.370;	15172;	-4
04.10.2016 10:00:02.405;	15170;	1
04.10.2016 10:00:02.405;	15172;	2
04.10.2016 10:00:02.424;	15173;	3
04.10.2016 10:00:02.424;	15174;	21
04.10.2016 10:00:02.431;	15167;	-1
04.10.2016 10:00:02.444;	15170;	-14
04.10.2016 10:00:02.454;	15167;	-6
04.10.2016 10:00:02.465;	15169;	-1
04.10.2016 10:00:02.465;	15168;	-5
04.10.2016 10:00:02.477;	15167;	-12
04.10.2016 10:00:02.496;	15166;	-4
04.10.2016 10:00:02.496;	15165;	-4
04.10.2016 10:00:02.506;	15165;	-3
04.10.2016 10:00:02.506;	15165;	-1
04.10.2016 10:00:02.803;	15164;	-2
04.10.2016 10:00:02.841;	15170;	2
04.10.2016 10:00:02.841;	15170;	1
04.10.2016 10:00:02.841;	15171;	1
04.10.2016 10:00:02.841;	15171;	8
04.10.2016 10:00:02.841;	15174;	8
04.10.2016 10:00:02.981;	15173;	1
04.10.2016 10:00:02.986;	15172;	-3
04.10.2016 10:00:03.060;	15167;	-2
04.10.2016 10:00:03.064;	15172;	1
04.10.2016 10:00:03.118;	15166;	-6
04.10.2016 10:00:03.170;	15166;	-13
04.10.2016 10:00:03.170;	15165;	-2
04.10.2016 10:00:03.170;	15163;	-3
04.10.2016 10:00:03.170;	15162;	-2
04.10.2016 10:00:03.182;	15162;	-20
04.10.2016 10:00:03.280;	15165;	1
04.10.2016 10:00:03.362;	15161;	1
04.10.2016 10:00:03.363;	15162;	1
04.10.2016 10:00:03.373;	15166;	1
04.10.2016 10:00:03.381;	15161;	-4
04.10.2016 10:00:03.402;	15166;	-2
04.10.2016 10:00:03.402;	15166;	-1
04.10.2016 10:00:03.403;	15164;	3
04.10.2016 10:00:03.412;	15160;	-3
04.10.2016 10:00:03.412;	15160;	-3
04.10.2016 10:00:03.446;	15167;	2
04.10.2016 10:00:03.446;	15168;	3
04.10.2016 10:00:03.446;	15168;	2
04.10.2016 10:00:03.446;	15169;	3
04.10.2016 10:00:03.450;	15170;	1
04.10.2016 10:00:03.463;	15170;	-2
04.10.2016 10:00:03.463;	15166;	-2
04.10.2016 10:00:03.507;	15168;	-2
04.10.2016 10:00:03.527;	15165;	-2
04.10.2016 10:00:03.527;	15164;	-5
04.10.2016 10:00:03.527;	15164;	-8
04.10.2016 10:00:03.528;	15164;	-8
04.10.2016 10:00:03.570;	15164;	-12
04.10.2016 10:00:03.669;	15167;	2
04.10.2016 10:00:03.684;	15164;	-2
04.10.2016 10:00:03.684;	15163;	-3
04.10.2016 10:00:03.684;	15162;	-3
04.10.2016 10:00:03.695;	15162;	-8
04.10.2016 10:00:03.715;	15167;	2
04.10.2016 10:00:03.715;	15168;	1
04.10.2016 10:00:03.735;	15168;	2
04.10.2016 10:00:04.018;	15168;	6
04.10.2016 10:00:04.032;	15165;	-1
04.10.2016 10:00:04.032;	15164;	-2
04.10.2016 10:00:04.106;	15165;	3
04.10.2016 10:00:04.106;	15166;	2
04.10.2016 10:00:04.106;	15166;	10
04.10.2016 10:00:04.106;	15167;	10
04.10.2016 10:00:04.106;	15168;	1
04.10.2016 10:00:04.106;	15168;	25
04.10.2016 10:00:04.106;	15169;	8
04.10.2016 10:00:04.200;	15168;	1
04.10.2016 10:00:04.328;	15161;	-1
04.10.2016 10:00:04.328;	15160;	-2
04.10.2016 10:00:04.328;	15160;	-3
04.10.2016 10:00:04.328;	15159;	-2
04.10.2016 10:00:04.342;	15160;	-3
04.10.2016 10:00:04.342;	15159;	-3
04.10.2016 10:00:04.370;	15167;	3
04.10.2016 10:00:04.370;	15168;	1
04.10.2016 10:00:04.513;	15160;	-2
04.10.2016 10:00:04.622;	15166;	-10
04.10.2016 10:00:04.722;	15160;	-1
04.10.2016 10:00:04.722;	15160;	-11
04.10.2016 10:00:04.775;	15159;	-4
04.10.2016 10:00:04.905;	15166;	1
04.10.2016 10:00:04.905;	15167;	3
04.10.2016 10:00:04.905;	15167;	1
04.10.2016 10:00:04.950;	15167;	2
04.10.2016 10:00:04.950;	15168;	2
04.10.2016 10:00:05.039;	15164;	-1
04.10.2016 10:00:05.039;	15163;	-2
04.10.2016 10:00:05.039;	15162;	-5
04.10.2016 10:00:05.040;	15163;	3
04.10.2016 10:00:05.041;	15163;	1
04.10.2016 10:00:05.617;	15163;	-2
04.10.2016 10:00:05.782;	15163;	-1
04.10.2016 10:00:05.782;	15162;	-7
04.10.2016 10:00:05.802;	15168;	3
04.10.2016 10:00:05.804;	15162;	-1
04.10.2016 10:00:05.804;	15161;	-2
04.10.2016 10:00:05.804;	15160;	-1
04.10.2016 10:00:05.813;	15160;	-2
04.10.2016 10:00:05.823;	15159;	-1
04.10.2016 10:00:05.823;	15157;	-3
04.10.2016 10:00:05.830;	15156;	-1
04.10.2016 10:00:05.830;	15156;	-1
04.10.2016 10:00:05.846;	15158;	-3
04.10.2016 10:00:05.846;	15157;	-1
04.10.2016 10:00:06.080;	15164;	2
04.10.2016 10:00:06.161;	15158;	-2
04.10.2016 10:00:06.161;	15157;	-2
04.10.2016 10:00:06.296;	15161;	-4
04.10.2016 10:00:06.296;	15161;	-4
04.10.2016 10:00:06.305;	15161;	-12
04.10.2016 10:00:06.307;	15162;	7
04.10.2016 10:00:06.340;	15161;	2
04.10.2016 10:00:06.340;	15161;	3
04.10.2016 10:00:06.471;	15161;	1
04.10.2016 10:00:06.518;	15161;	2
04.10.2016 10:00:06.520;	15155;	-1
04.10.2016 10:00:06.673;	15155;	-1
04.10.2016 10:00:06.762;	15161;	1
04.10.2016 10:00:06.778;	15161;	1
04.10.2016 10:00:06.840;	15161;	1
04.10.2016 10:00:06.988;	15161;	2
04.10.2016 10:00:06.988;	15161;	3
04.10.2016 10:00:07.028;	15161;	1
04.10.2016 10:00:07.059;	15161;	2
04.10.2016 10:00:07.059;	15162;	3
04.10.2016 10:00:07.137;	15155;	-1
04.10.2016 10:00:07.431;	15161;	3
04.10.2016 10:00:07.431;	15161;	1
04.10.2016 10:00:07.431;	15162;	14
04.10.2016 10:00:07.433;	15162;	12
04.10.2016 10:00:07.438;	15155;	-1
04.10.2016 10:00:07.746;	15155;	-1
04.10.2016 10:00:07.749;	15155;	-1
04.10.2016 10:00:08.217;	15161;	1
04.10.2016 10:00:09.282;	15160;	1
04.10.2016 10:00:09.336;	15155;	-2
04.10.2016 10:00:09.349;	15153;	-2
04.10.2016 10:00:09.349;	15153;	-3
04.10.2016 10:00:09.349;	15152;	-3
04.10.2016 10:00:09.349;	15152;	-4
04.10.2016 10:00:09.351;	15152;	-6
04.10.2016 10:00:09.609;	15153;	-3
04.10.2016 10:00:09.609;	15152;	-1
04.10.2016 10:00:09.609;	15152;	-4
04.10.2016 10:00:10.121;	15153;	-3
04.10.2016 10:00:10.121;	15152;	-10
04.10.2016 10:00:10.121;	15151;	-7
04.10.2016 10:00:10.360;	15151;	-2
04.10.2016 10:00:10.441;	15155;	2
04.10.2016 10:00:10.441;	15155;	3
04.10.2016 10:00:10.441;	15156;	9
04.10.2016 10:00:10.610;	15155;	1
04.10.2016 10:00:11.112;	15155;	4
04.10.2016 10:00:11.112;	15155;	1
04.10.2016 10:00:11.112;	15156;	5
04.10.2016 10:00:11.157;	15152;	-1
04.10.2016 10:00:11.221;	15155;	3
04.10.2016 10:00:11.225;	15155;	-11
04.10.2016 10:00:11.230;	15151;	-5
04.10.2016 10:00:11.393;	15151;	-2
04.10.2016 10:00:11.472;	15155;	3
04.10.2016 10:00:11.472;	15156;	6
04.10.2016 10:00:11.688;	15156;	2
04.10.2016 10:00:11.708;	15156;	10
04.10.2016 10:00:11.717;	15156;	10
04.10.2016 10:00:12.429;	15156;	4
04.10.2016 10:00:12.559;	15151;	-6
04.10.2016 10:00:12.559;	15151;	-3
04.10.2016 10:00:12.559;	15150;	-1
04.10.2016 10:00:12.559;	15150;	-1
04.10.2016 10:00:12.559;	15150;	-1
04.10.2016 10:00:12.559;	15150;	-1
04.10.2016 10:00:12.656;	15151;	1
04.10.2016 10:00:12.660;	15155;	2
04.10.2016 10:00:12.975;	15150;	-1
04.10.2016 10:00:13.118;	15150;	-1
04.10.2016 10:00:13.427;	15150;	-1
04.10.2016 10:00:13.431;	15150;	-1
04.10.2016 10:00:13.997;	15149;	-1
04.10.2016 10:00:14.002;	15151;	1
04.10.2016 10:00:14.070;	15150;	-1
04.10.2016 10:00:14.070;	15149;	-13
04.10.2016 10:00:14.070;	15148;	-4
04.10.2016 10:00:14.097;	15148;	-2
04.10.2016 10:00:14.433;	15149;	1
04.10.2016 10:00:14.750;	15148;	-1
04.10.2016 10:00:14.851;	15148;	-6
04.10.2016 10:00:14.980;	15148;	-2
04.10.2016 10:00:15.137;	15148;	-1
04.10.2016 10:00:15.293;	15148;	-1
04.10.2016 10:00:15.403;	15148;	-1
04.10.2016 10:00:15.409;	15151;	1
04.10.2016 10:00:15.450;	15148;	-1
04.10.2016 10:00:15.452;	15148;	-1
04.10.2016 10:00:15.872;	15148;	-1
04.10.2016 10:00:16.066;	15148;	-11
04.10.2016 10:00:16.446;	15148;	-15
04.10.2016 10:00:16.446;	15148;	-3
04.10.2016 10:00:16.446;	15148;	-4
04.10.2016 10:00:16.446;	15148;	-9
04.10.2016 10:00:16.446;	15148;	-13
04.10.2016 10:00:16.449;	15147;	-1
04.10.2016 10:00:16.449;	15147;	-1
04.10.2016 10:00:16.449;	15147;	-4
04.10.2016 10:00:16.449;	15147;	-1
04.10.2016 10:00:16.449;	15147;	-1
04.10.2016 10:00:16.449;	15147;	-1
04.10.2016 10:00:16.450;	15147;	-13
04.10.2016 10:00:16.454;	15146;	-1
04.10.2016 10:00:16.454;	15146;	-1
04.10.2016 10:00:16.454;	15146;	-11
04.10.2016 10:00:16.456;	15146;	-2
04.10.2016 10:00:16.460;	15145;	-1
04.10.2016 10:00:16.460;	15145;	-1
04.10.2016 10:00:16.473;	15145;	-15
04.10.2016 10:00:16.789;	15146;	-2
04.10.2016 10:00:16.794;	15145;	-1
04.10.2016 10:00:16.841;	15145;	-4
04.10.2016 10:00:16.841;	15145;	-1
04.10.2016 10:00:16.841;	15145;	-1
04.10.2016 10:00:16.841;	15145;	-1
04.10.2016 10:00:16.841;	15145;	-1
04.10.2016 10:00:16.841;	15145;	-1
04.10.2016 10:00:16.841;	15145;	-10
04.10.2016 10:00:16.845;	15145;	-3
04.10.2016 10:00:16.847;	15144;	-1
04.10.2016 10:00:16.847;	15144;	-9
04.10.2016 10:00:16.851;	15144;	-1
04.10.2016 10:00:16.851;	15144;	-10
04.10.2016 10:00:16.854;	15143;	-1
04.10.2016 10:00:16.854;	15143;	-1
04.10.2016 10:00:16.854;	15143;	-11
04.10.2016 10:00:16.854;	15143;	-1
04.10.2016 10:00:16.854;	15143;	-2
04.10.2016 10:00:16.858;	15143;	-11
04.10.2016 10:00:16.864;	15142;	-1
04.10.2016 10:00:16.864;	15142;	-2
04.10.2016 10:00:16.918;	15146;	1
04.10.2016 10:00:16.955;	15146;	2
04.10.2016 10:00:16.955;	15147;	20
04.10.2016 10:00:16.955;	15147;	6
04.10.2016 10:00:16.955;	15148;	1
04.10.2016 10:00:16.955;	15148;	6
04.10.2016 10:00:16.955;	15148;	5
04.10.2016 10:00:16.955;	15148;	12
04.10.2016 10:00:16.955;	15149;	3
04.10.2016 10:00:16.955;	15150;	10
04.10.2016 10:00:16.957;	15150;	3
04.10.2016 10:00:16.959;	15149;	3
04.10.2016 10:00:16.959;	15150;	4
04.10.2016 10:00:16.960;	15150;	6
04.10.2016 10:00:16.962;	15149;	1
04.10.2016 10:00:16.962;	15150;	2
04.10.2016 10:00:16.962;	15150;	2
04.10.2016 10:00:17.075;	15144;	-3
04.10.2016 10:00:17.075;	15143;	-2
04.10.2016 10:00:17.075;	15143;	-3
04.10.2016 10:00:17.075;	15143;	-2
04.10.2016 10:00:17.075;	15142;	-13
04.10.2016 10:00:17.075;	15142;	-25
04.10.2016 10:00:17.075;	15141;	-1
04.10.2016 10:00:17.075;	15141;	-1
04.10.2016 10:00:17.081;	15142;	-3
04.10.2016 10:00:17.081;	15141;	-3
04.10.2016 10:00:17.125;	15142;	-3
04.10.2016 10:00:17.125;	15141;	-4
04.10.2016 10:00:17.168;	15142;	-2
04.10.2016 10:00:17.262;	15142;	-1
04.10.2016 10:00:17.262;	15141;	-1
04.10.2016 10:00:17.291;	15147;	-13
04.10.2016 10:00:17.454;	15141;	-1
04.10.2016 10:00:17.833;	15145;	1
04.10.2016 10:00:17.837;	15145;	3
04.10.2016 10:00:18.153;	15144;	-10
04.10.2016 10:00:18.641;	15148;	1
04.10.2016 10:00:18.721;	15144;	-3
04.10.2016 10:00:18.721;	15144;	-2
04.10.2016 10:00:19.002;	15144;	-2
04.10.2016 10:00:19.478;	15148;	2
04.10.2016 10:00:19.478;	15149;	4
04.10.2016 10:00:19.892;	15144;	-9
04.10.2016 10:00:19.892;	15143;	-3
04.10.2016 10:00:19.892;	15142;	-3
04.10.2016 10:00:19.892;	15142;	-5
04.10.2016 10:00:20.325;	15143;	-2
04.10.2016 10:00:20.325;	15142;	-8
04.10.2016 10:00:20.537;	15143;	1
04.10.2016 10:00:20.777;	15146;	1
04.10.2016 10:00:20.777;	15147;	2
04.10.2016 10:00:21.501;	15148;	3
04.10.2016 10:00:21.895;	15149;	3
04.10.2016 10:00:21.900;	15149;	3
04.10.2016 10:00:21.904;	15150;	3
04.10.2016 10:00:21.904;	15150;	10
04.10.2016 10:00:21.907;	15151;	1
04.10.2016 10:00:21.907;	15151;	10
04.10.2016 10:00:21.907;	15151;	2
04.10.2016 10:00:22.210;	15147;	-3
04.10.2016 10:00:22.210;	15147;	-2
04.10.2016 10:00:22.210;	15146;	-25
04.10.2016 10:00:22.210;	15145;	-3
04.10.2016 10:00:22.210;	15145;	-50
04.10.2016 10:00:22.210;	15144;	-25
04.10.2016 10:00:22.210;	15143;	-3
04.10.2016 10:00:22.210;	15142;	-13
04.10.2016 10:00:22.210;	15142;	-25
04.10.2016 10:00:22.210;	15142;	-13
04.10.2016 10:00:22.214;	15142;	25
04.10.2016 10:00:22.214;	15142;	25
04.10.2016 10:00:22.214;	15142;	5
04.10.2016 10:00:22.214;	15141;	-3
04.10.2016 10:00:22.214;	15141;	-3
04.10.2016 10:00:22.214;	15141;	-2
04.10.2016 10:00:22.215;	15142;	26
04.10.2016 10:00:22.215;	15142;	16
04.10.2016 10:00:22.215;	15142;	91
04.10.2016 10:00:22.281;	15145;	-3
04.10.2016 10:00:22.281;	15144;	-2
04.10.2016 10:00:22.722;	15150;	1
04.10.2016 10:00:23.038;	15146;	-1
04.10.2016 10:00:23.117;	15144;	-4
04.10.2016 10:00:23.210;	15144;	-1
04.10.2016 10:00:23.340;	15144;	-1
04.10.2016 10:00:23.618;	15143;	-1
04.10.2016 10:00:24.002;	15143;	-2
04.10.2016 10:00:24.272;	15147;	3
04.10.2016 10:00:24.325;	15147;	-2
04.10.2016 10:00:24.402;	15143;	-8
04.10.2016 10:00:24.406;	15143;	-14
04.10.2016 10:00:24.766;	15142;	-1
04.10.2016 10:00:25.204;	15146;	4
04.10.2016 10:00:25.430;	15142;	-2
04.10.2016 10:00:25.430;	15141;	-3
04.10.2016 10:00:25.806;	15142;	-2
04.10.2016 10:00:25.806;	15140;	-3
04.10.2016 10:00:25.827;	15140;	-2
04.10.2016 10:00:25.827;	15140;	-8
04.10.2016 10:00:25.875;	15142;	-2
04.10.2016 10:00:25.875;	15140;	-1
04.10.2016 10:00:25.933;	15144;	3
04.10.2016 10:00:25.937;	15145;	2
04.10.2016 10:00:25.937;	15145;	1
04.10.2016 10:00:25.971;	15144;	-1
04.10.2016 10:00:25.984;	15144;	-1
04.10.2016 10:00:26.263;	15141;	-2
04.10.2016 10:00:26.263;	15140;	-2
04.10.2016 10:00:26.263;	15140;	-1
04.10.2016 10:00:26.532;	15140;	-1
04.10.2016 10:00:26.532;	15140;	-2
04.10.2016 10:00:26.592;	15140;	-22
04.10.2016 10:00:26.594;	15140;	-8
04.10.2016 10:00:26.601;	15139;	-1
04.10.2016 10:00:26.601;	15139;	-1
04.10.2016 10:00:26.601;	15139;	-1
04.10.2016 10:00:26.601;	15139;	-5
04.10.2016 10:00:26.601;	15139;	-13
04.10.2016 10:00:26.601;	15139;	-13
04.10.2016 10:00:26.601;	15139;	-71
04.10.2016 10:00:26.604;	15139;	-65
04.10.2016 10:00:27.221;	15142;	10
04.10.2016 10:00:27.265;	15143;	2
04.10.2016 10:00:27.265;	15143;	1
04.10.2016 10:00:27.464;	15143;	2
04.10.2016 10:00:27.464;	15144;	3
04.10.2016 10:00:27.464;	15144;	2
04.10.2016 10:00:27.560;	15141;	20
04.10.2016 10:00:27.887;	15139;	-1
04.10.2016 10:00:28.688;	15139;	-1
04.10.2016 10:00:28.688;	15138;	-1
04.10.2016 10:00:28.799;	15142;	1
04.10.2016 10:00:28.802;	15142;	-2
04.10.2016 10:00:28.912;	15143;	1
04.10.2016 10:00:29.051;	15142;	11
04.10.2016 10:00:29.397;	15142;	9
04.10.2016 10:00:29.406;	15143;	1
04.10.2016 10:00:29.406;	15143;	1
04.10.2016 10:00:29.442;	15143;	1
04.10.2016 10:00:29.831;	15141;	-2
04.10.2016 10:00:29.834;	15140;	2
04.10.2016 10:00:30.673;	15141;	-2
04.10.2016 10:00:30.673;	15140;	-2
04.10.2016 10:00:30.673;	15139;	-2
04.10.2016 10:00:30.673;	15139;	-3
04.10.2016 10:00:30.673;	15138;	-1
04.10.2016 10:00:30.830;	15143;	1
04.10.2016 10:00:31.076;	15143;	1
04.10.2016 10:00:31.076;	15144;	2
04.10.2016 10:00:31.466;	15144;	6
04.10.2016 10:00:31.731;	15144;	4
04.10.2016 10:00:32.434;	15139;	-3
04.10.2016 10:00:32.434;	15139;	-2
04.10.2016 10:00:32.434;	15138;	-8
04.10.2016 10:00:32.434;	15138;	-1
04.10.2016 10:00:32.434;	15138;	-15
04.10.2016 10:00:32.434;	15138;	-1
04.10.2016 10:00:32.434;	15138;	-2
04.10.2016 10:00:32.434;	15137;	-1
04.10.2016 10:00:32.434;	15136;	-1
04.10.2016 10:00:32.434;	15136;	-2
04.10.2016 10:00:32.434;	15136;	-20
04.10.2016 10:00:32.434;	15136;	-3
04.10.2016 10:00:32.434;	15135;	-1
04.10.2016 10:00:32.434;	15135;	-1
04.10.2016 10:00:32.434;	15135;	-1
04.10.2016 10:00:32.437;	15135;	25
04.10.2016 10:00:32.437;	15135;	13
04.10.2016 10:00:32.448;	15143;	3
04.10.2016 10:00:32.448;	15143;	2
04.10.2016 10:00:32.448;	15144;	15
04.10.2016 10:00:32.453;	15143;	3
04.10.2016 10:00:32.462;	15143;	1
04.10.2016 10:00:32.500;	15139;	-1
04.10.2016 10:00:32.933;	15138;	-1
04.10.2016 10:00:33.309;	15142;	3
04.10.2016 10:00:33.356;	15142;	-1
04.10.2016 10:00:33.359;	15142;	-4
04.10.2016 10:00:33.359;	15142;	-2
04.10.2016 10:00:34.195;	15138;	-1
04.10.2016 10:00:34.968;	15138;	-2
04.10.2016 10:00:37.131;	15142;	1
04.10.2016 10:00:37.169;	15138;	-3
04.10.2016 10:00:37.252;	15138;	-1
04.10.2016 10:00:37.252;	15138;	-4
04.10.2016 10:00:37.252;	15138;	-2
04.10.2016 10:00:37.252;	15137;	-3
04.10.2016 10:00:37.252;	15137;	-2
04.10.2016 10:00:37.252;	15136;	-25
04.10.2016 10:00:37.252;	15136;	-3
04.10.2016 10:00:37.252;	15135;	-21
04.10.2016 10:00:37.636;	15138;	-2
04.10.2016 10:00:37.636;	15136;	-2
04.10.2016 10:00:37.859;	15139;	7
04.10.2016 10:00:37.860;	15139;	17
04.10.2016 10:00:37.919;	15142;	10
04.10.2016 10:00:37.919;	15143;	2
04.10.2016 10:00:37.919;	15144;	5
04.10.2016 10:00:38.322;	15138;	-1
04.10.2016 10:00:39.551;	15140;	-10
04.10.2016 10:00:41.942;	15140;	-7
04.10.2016 10:00:41.943;	15140;	-2
04.10.2016 10:00:41.971;	15144;	1
04.10.2016 10:00:42.159;	15144;	1
04.10.2016 10:00:42.180;	15140;	-5
04.10.2016 10:00:42.205;	15144;	8
04.10.2016 10:00:42.392;	15140;	-2
04.10.2016 10:00:42.392;	15140;	-3
04.10.2016 10:00:42.538;	15139;	-2
04.10.2016 10:00:42.782;	15140;	1
04.10.2016 10:00:45.325;	15140;	-1
04.10.2016 10:00:45.423;	15141;	-2
04.10.2016 10:00:46.813;	15142;	-2
04.10.2016 10:00:46.813;	15140;	-2
04.10.2016 10:00:46.928;	15141;	-1
04.10.2016 10:00:46.928;	15140;	-1
04.10.2016 10:00:46.930;	15140;	-2
04.10.2016 10:00:46.960;	15140;	-6
04.10.2016 10:00:47.412;	15140;	-8
04.10.2016 10:00:47.414;	15140;	-1
04.10.2016 10:00:48.700;	15144;	6
04.10.2016 10:00:48.949;	15142;	-1
04.10.2016 10:00:49.101;	15145;	35
04.10.2016 10:00:49.101;	15145;	10
04.10.2016 10:00:49.101;	15146;	25
04.10.2016 10:00:49.101;	15146;	1
04.10.2016 10:00:49.101;	15146;	10
04.10.2016 10:00:49.101;	15147;	3
04.10.2016 10:00:49.101;	15147;	5
04.10.2016 10:00:49.101;	15147;	2
04.10.2016 10:00:49.101;	15147;	10
04.10.2016 10:00:49.101;	15147;	2
04.10.2016 10:00:49.101;	15148;	25
04.10.2016 10:00:49.101;	15148;	2
04.10.2016 10:00:49.101;	15148;	2
04.10.2016 10:00:49.101;	15148;	10
04.10.2016 10:00:49.101;	15148;	2
04.10.2016 10:00:49.101;	15149;	3
04.10.2016 10:00:49.101;	15149;	10
04.10.2016 10:00:49.101;	15150;	24
04.10.2016 10:00:49.101;	15150;	10
04.10.2016 10:00:49.101;	15151;	3
04.10.2016 10:00:49.101;	15151;	10
04.10.2016 10:00:49.101;	15151;	1
04.10.2016 10:00:49.101;	15152;	1
04.10.2016 10:00:49.101;	15152;	25
04.10.2016 10:00:49.101;	15152;	10
04.10.2016 10:00:49.101;	15153;	9
04.10.2016 10:00:49.117;	15152;	3
04.10.2016 10:00:49.122;	15153;	3
04.10.2016 10:00:49.124;	15154;	20
04.10.2016 10:00:49.130;	15156;	54
04.10.2016 10:00:49.135;	15152;	-2
04.10.2016 10:00:49.135;	15152;	-3
04.10.2016 10:00:49.135;	15152;	-11
04.10.2016 10:00:49.148;	15161;	1
04.10.2016 10:00:49.148;	15161;	3
04.10.2016 10:00:49.151;	15162;	2
04.10.2016 10:00:49.152;	15158;	-2
04.10.2016 10:00:49.152;	15157;	-2
04.10.2016 10:00:49.154;	15158;	-3
04.10.2016 10:00:49.154;	15157;	-1
04.10.2016 10:00:49.154;	15157;	-16
04.10.2016 10:00:49.155;	15157;	-20
04.10.2016 10:00:49.156;	15162;	2
04.10.2016 10:00:49.156;	15163;	30
04.10.2016 10:00:49.156;	15163;	9
04.10.2016 10:00:49.156;	15157;	-14
04.10.2016 10:00:49.156;	15156;	-3
04.10.2016 10:00:49.156;	15156;	-8
04.10.2016 10:00:49.158;	15162;	2
04.10.2016 10:00:49.158;	15162;	1
04.10.2016 10:00:49.161;	15159;	-25
04.10.2016 10:00:49.163;	15160;	-2
04.10.2016 10:00:49.164;	15164;	1
04.10.2016 10:00:49.172;	15163;	-1
04.10.2016 10:00:49.173;	15163;	-12
04.10.2016 10:00:49.175;	15163;	-12
04.10.2016 10:00:49.175;	15162;	-3
04.10.2016 10:00:49.177;	15161;	-2
04.10.2016 10:00:49.177;	15161;	-3
04.10.2016 10:00:49.177;	15161;	-2
04.10.2016 10:00:49.177;	15160;	-13
04.10.2016 10:00:49.178;	15160;	-8
04.10.2016 10:00:49.180;	15160;	-1
04.10.2016 10:00:49.197;	15160;	-1
04.10.2016 10:00:49.197;	15159;	-3
04.10.2016 10:00:49.251;	15159;	-1
04.10.2016 10:00:49.305;	15159;	-1
04.10.2016 10:00:49.402;	15162;	-10
04.10.2016 10:00:49.433;	15162;	-4
04.10.2016 10:00:49.434;	15162;	-4
04.10.2016 10:00:49.933;	15167;	1
04.10.2016 10:00:50.157;	15167;	2
04.10.2016 10:00:50.157;	15168;	3
04.10.2016 10:00:50.157;	15168;	2
04.10.2016 10:00:50.157;	15168;	2
04.10.2016 10:00:50.157;	15169;	11
04.10.2016 10:00:50.418;	15168;	1
04.10.2016 10:00:50.615;	15162;	-4
04.10.2016 10:00:50.615;	15162;	-4
04.10.2016 10:00:50.746;	15162;	-3
04.10.2016 10:00:50.746;	15161;	-5
04.10.2016 10:00:50.747;	15161;	-1
04.10.2016 10:00:50.752;	15160;	-3
04.10.2016 10:00:50.752;	15160;	-2
04.10.2016 10:00:50.752;	15159;	-2
04.10.2016 10:00:51.012;	15165;	3
04.10.2016 10:00:51.012;	15165;	1
04.10.2016 10:00:51.564;	15160;	-1
04.10.2016 10:00:51.745;	15160;	-3
04.10.2016 10:00:51.745;	15160;	-1
04.10.2016 10:00:51.745;	15160;	-1
04.10.2016 10:00:51.748;	15159;	-1
04.10.2016 10:00:51.748;	15158;	-7
04.10.2016 10:00:51.748;	15160;	3
04.10.2016 10:00:51.944;	15160;	-2
04.10.2016 10:00:52.574;	15160;	2
04.10.2016 10:00:52.583;	15156;	-1
04.10.2016 10:00:52.583;	15155;	-1
04.10.2016 10:00:52.699;	15160;	2
04.10.2016 10:00:52.793;	15155;	-3
04.10.2016 10:00:52.806;	15154;	-1
04.10.2016 10:00:52.955;	15156;	10
04.10.2016 10:00:52.965;	15152;	-1
04.10.2016 10:00:52.965;	15150;	-1
04.10.2016 10:00:52.965;	15150;	-2
04.10.2016 10:00:52.966;	15150;	-1
04.10.2016 10:00:52.978;	15150;	-1
04.10.2016 10:00:55.687;	15155;	2
04.10.2016 10:00:56.142;	15155;	3
04.10.2016 10:00:56.391;	15151;	-7
04.10.2016 10:00:56.395;	15151;	-13
04.10.2016 10:00:56.395;	15151;	-2
04.10.2016 10:00:56.395;	15151;	-1
04.10.2016 10:00:56.395;	15150;	-2
04.10.2016 10:00:56.395;	15149;	-23
04.10.2016 10:00:56.395;	15149;	-8
04.10.2016 10:00:56.454;	15150;	-8
04.10.2016 10:00:56.455;	15150;	-4
04.10.2016 10:00:56.500;	15149;	-2
04.10.2016 10:00:56.559;	15146;	1
04.10.2016 10:00:56.776;	15142;	-1
04.10.2016 10:00:57.604;	15145;	1
04.10.2016 10:00:57.666;	15145;	7
04.10.2016 10:00:57.666;	15146;	10
04.10.2016 10:00:57.666;	15147;	3
04.10.2016 10:00:57.666;	15147;	2
04.10.2016 10:00:57.666;	15147;	10
04.10.2016 10:00:57.666;	15148;	25
04.10.2016 10:00:57.666;	15148;	10
04.10.2016 10:00:57.666;	15149;	3
04.10.2016 10:00:57.666;	15149;	10
04.10.2016 10:00:57.666;	15150;	3
04.10.2016 10:00:57.666;	15150;	13
04.10.2016 10:00:57.682;	15149;	3
04.10.2016 10:00:57.693;	15150;	1
04.10.2016 10:00:57.744;	15148;	-20
04.10.2016 10:00:57.746;	15148;	3
04.10.2016 10:00:57.746;	15148;	1
04.10.2016 10:00:57.762;	15147;	-2
04.10.2016 10:00:57.762;	15146;	-2
04.10.2016 10:00:57.763;	15146;	-3
04.10.2016 10:00:57.763;	15145;	-3
04.10.2016 10:00:57.763;	15145;	-10
04.10.2016 10:00:57.764;	15146;	3
04.10.2016 10:00:57.764;	15146;	1
04.10.2016 10:00:57.765;	15146;	3
04.10.2016 10:00:58.015;	15147;	2
04.10.2016 10:00:58.075;	15147;	-1
04.10.2016 10:00:58.916;	15152;	1
04.10.2016 10:00:58.944;	15151;	-1
04.10.2016 10:00:58.944;	15151;	-1
04.10.2016 10:00:59.038;	15147;	-2
04.10.2016 10:00:59.978;	15152;	1
04.10.2016 10:01:00.104;	15148;	-1
04.10.2016 10:01:00.110;	15147;	-1
04.10.2016 10:01:00.125;	15147;	-2
04.10.2016 10:01:00.129;	15147;	-9
04.10.2016 10:01:00.134;	15147;	-2
04.10.2016 10:01:00.156;	15147;	-2
04.10.2016 10:01:00.158;	15147;	-3
04.10.2016 10:01:00.183;	15147;	-3
04.10.2016 10:01:00.418;	15146;	-1
04.10.2016 10:01:00.621;	15150;	1
04.10.2016 10:01:00.793;	15150;	1
04.10.2016 10:01:00.815;	15150;	1
04.10.2016 10:01:00.846;	15150;	1
04.10.2016 10:01:00.853;	15150;	1
04.10.2016 10:01:00.893;	15151;	1
04.10.2016 10:01:00.895;	15151;	1
04.10.2016 10:01:01.068;	15147;	-2
04.10.2016 10:01:01.220;	15146;	5
04.10.2016 10:01:01.502;	15145;	10
04.10.2016 10:01:01.541;	15145;	1
04.10.2016 10:01:01.545;	15145;	9
04.10.2016 10:01:02.135;	15146;	5
04.10.2016 10:01:02.135;	15146;	5
04.10.2016 10:01:02.354;	15146;	1
04.10.2016 10:01:02.410;	15146;	102
04.10.2016 10:01:02.414;	15146;	17
04.10.2016 10:01:02.428;	15147;	3
04.10.2016 10:01:02.428;	15147;	10
04.10.2016 10:01:02.428;	15147;	20
04.10.2016 10:01:02.430;	15147;	20
04.10.2016 10:01:02.434;	15147;	20
04.10.2016 10:01:02.443;	15146;	2
04.10.2016 10:01:02.539;	15148;	1
04.10.2016 10:01:02.539;	15149;	10
04.10.2016 10:01:02.539;	15149;	3
04.10.2016 10:01:02.539;	15149;	20
04.10.2016 10:01:02.539;	15150;	10
04.10.2016 10:01:02.539;	15150;	1
04.10.2016 10:01:02.596;	15146;	-2
04.10.2016 10:01:02.690;	15146;	-1
04.10.2016 10:01:02.815;	15146;	-1
04.10.2016 10:01:03.215;	15145;	-2
04.10.2016 10:01:03.216;	15149;	2
04.10.2016 10:01:03.216;	15150;	3
04.10.2016 10:01:03.216;	15150;	6
04.10.2016 10:01:03.292;	15150;	1
04.10.2016 10:01:04.167;	15151;	1
04.10.2016 10:01:04.471;	15147;	-1
04.10.2016 10:01:04.511;	15150;	1
04.10.2016 10:01:04.511;	15151;	2
04.10.2016 10:01:04.511;	15151;	1
04.10.2016 10:01:04.727;	15151;	1
04.10.2016 10:01:04.992;	15149;	4
04.10.2016 10:01:05.093;	15149;	1
04.10.2016 10:01:05.093;	15149;	11
04.10.2016 10:01:05.154;	15149;	13
04.10.2016 10:01:05.154;	15151;	7
04.10.2016 10:01:05.154;	15151;	9
04.10.2016 10:01:05.154;	15151;	8
04.10.2016 10:01:05.154;	15151;	8
04.10.2016 10:01:05.154;	15151;	5
04.10.2016 10:01:05.299;	15151;	3
04.10.2016 10:01:05.299;	15151;	2
04.10.2016 10:01:05.300;	15151;	6
04.10.2016 10:01:05.598;	15151;	-7
04.10.2016 10:01:05.598;	15150;	-3
04.10.2016 10:01:05.604;	15154;	1
04.10.2016 10:01:05.683;	15149;	-1
04.10.2016 10:01:05.867;	15149;	-19
04.10.2016 10:01:05.867;	15148;	-3
04.10.2016 10:01:08.042;	15153;	-1
04.10.2016 10:01:08.180;	15156;	1
04.10.2016 10:01:08.971;	15153;	-1
04.10.2016 10:01:10.136;	15154;	-1
04.10.2016 10:01:10.169;	15152;	-1
04.10.2016 10:01:10.169;	15152;	-7
04.10.2016 10:01:11.277;	15152;	-116
04.10.2016 10:01:11.279;	15152;	-25
04.10.2016 10:01:11.286;	15151;	-10
04.10.2016 10:01:11.294;	15150;	-7
04.10.2016 10:01:11.294;	15150;	-3
04.10.2016 10:01:11.300;	15149;	-7
04.10.2016 10:01:11.300;	15149;	-3
04.10.2016 10:01:11.303;	15148;	-7
04.10.2016 10:01:11.303;	15148;	-3
04.10.2016 10:01:11.306;	15147;	-9
04.10.2016 10:01:11.306;	15147;	-4
04.10.2016 10:01:11.309;	15147;	-5
04.10.2016 10:01:11.309;	15147;	-2
04.10.2016 10:01:11.318;	15145;	-2
04.10.2016 10:01:11.319;	15147;	2
04.10.2016 10:01:11.321;	15146;	-7
04.10.2016 10:01:11.321;	15146;	-3
04.10.2016 10:01:11.325;	15147;	10
04.10.2016 10:01:11.327;	15145;	-7
04.10.2016 10:01:11.327;	15145;	-3
04.10.2016 10:01:11.332;	15145;	10
04.10.2016 10:01:11.339;	15143;	-1
04.10.2016 10:01:11.346;	15143;	-1
04.10.2016 10:01:11.440;	15145;	5
04.10.2016 10:01:11.634;	15145;	5
04.10.2016 10:01:12.296;	15145;	-5
04.10.2016 10:01:12.594;	15147;	1
04.10.2016 10:01:13.971;	15145;	-1
04.10.2016 10:01:14.862;	15143;	-1
04.10.2016 10:01:14.862;	15143;	-13
04.10.2016 10:01:15.667;	15147;	2
04.10.2016 10:01:15.667;	15148;	3
04.10.2016 10:01:15.667;	15148;	20
04.10.2016 10:01:15.667;	15148;	10
04.10.2016 10:01:15.667;	15148;	24
04.10.2016 10:01:15.667;	15149;	2
04.10.2016 10:01:15.864;	15147;	5
04.10.2016 10:01:16.261;	15147;	1
04.10.2016 10:01:20.600;	15148;	2
04.10.2016 10:01:20.600;	15148;	9
04.10.2016 10:01:20.601;	15148;	1
04.10.2016 10:01:20.639;	15149;	3
04.10.2016 10:01:20.639;	15149;	1
04.10.2016 10:01:20.641;	15149;	6
04.10.2016 10:01:20.641;	15149;	1
04.10.2016 10:01:20.641;	15149;	1
04.10.2016 10:01:20.670;	15150;	6
04.10.2016 10:01:20.707;	15152;	-1
04.10.2016 10:01:20.744;	15155;	1
04.10.2016 10:01:20.747;	15155;	3
04.10.2016 10:01:20.747;	15155;	1
04.10.2016 10:01:21.999;	15154;	4
04.10.2016 10:01:22.310;	15152;	-1
04.10.2016 10:01:22.310;	15152;	-4
04.10.2016 10:01:22.310;	15151;	-13
04.10.2016 10:01:22.527;	15152;	-6
04.10.2016 10:01:22.527;	15151;	-3
04.10.2016 10:01:22.527;	15151;	-2
04.10.2016 10:01:22.527;	15150;	-8
04.10.2016 10:01:22.527;	15150;	-10
04.10.2016 10:01:22.527;	15150;	-1
04.10.2016 10:01:25.133;	15151;	-2
04.10.2016 10:01:25.624;	15148;	-10
04.10.2016 10:01:25.624;	15148;	-4
04.10.2016 10:01:25.624;	15147;	-6
04.10.2016 10:01:25.893;	15148;	-1
04.10.2016 10:01:26.223;	15151;	10
04.10.2016 10:01:26.223;	15152;	1
04.10.2016 10:01:26.596;	15149;	-2
04.10.2016 10:01:27.022;	15149;	-1
04.10.2016 10:01:27.416;	15148;	-1
04.10.2016 10:01:28.210;	15148;	-1
04.10.2016 10:01:30.278;	15151;	4
04.10.2016 10:01:30.283;	15151;	3
04.10.2016 10:01:31.542;	15151;	-2
04.10.2016 10:01:31.898;	15150;	10
04.10.2016 10:01:32.789;	15147;	-5
04.10.2016 10:01:35.386;	15150;	2
04.10.2016 10:01:35.386;	15150;	3
04.10.2016 10:01:35.466;	15152;	2
04.10.2016 10:01:35.768;	15148;	-1
04.10.2016 10:01:36.017;	15152;	5
04.10.2016 10:01:37.902;	15149;	-2
04.10.2016 10:01:38.302;	15156;	8
04.10.2016 10:01:39.316;	15156;	1
04.10.2016 10:01:40.195;	15156;	1
04.10.2016 10:01:41.163;	15156;	1
04.10.2016 10:01:41.938;	15156;	2
04.10.2016 10:01:41.938;	15156;	4
04.10.2016 10:01:42.177;	15156;	1
04.10.2016 10:01:43.191;	15156;	1
04.10.2016 10:01:43.779;	15156;	12
04.10.2016 10:01:43.781;	15156;	4
04.10.2016 10:01:43.782;	15156;	1
04.10.2016 10:01:43.797;	15157;	1
04.10.2016 10:01:43.797;	15157;	1
04.10.2016 10:01:43.797;	15158;	5
04.10.2016 10:01:43.813;	15158;	1
04.10.2016 10:01:44.014;	15159;	1
04.10.2016 10:01:44.014;	15159;	2
04.10.2016 10:01:44.033;	15160;	10
04.10.2016 10:01:45.127;	15161;	1
04.10.2016 10:01:45.127;	15161;	7
04.10.2016 10:01:45.127;	15161;	1
04.10.2016 10:01:45.216;	15161;	1
04.10.2016 10:01:45.777;	15162;	1
04.10.2016 10:01:45.777;	15163;	1
04.10.2016 10:01:45.777;	15163;	2
04.10.2016 10:01:46.010;	15160;	-1
04.10.2016 10:01:46.010;	15160;	-1
04.10.2016 10:01:46.255;	15161;	-1
04.10.2016 10:01:47.485;	15163;	3
04.10.2016 10:01:48.109;	15161;	-1
04.10.2016 10:01:48.156;	15163;	4
04.10.2016 10:01:48.277;	15163;	1
04.10.2016 10:01:48.697;	15160;	-1
04.10.2016 10:01:48.697;	15159;	-2
04.10.2016 10:01:49.154;	15161;	-1
04.10.2016 10:01:49.752;	15163;	1
04.10.2016 10:01:50.336;	15163;	1
04.10.2016 10:01:50.555;	15163;	10
04.10.2016 10:01:51.288;	15163;	1
04.10.2016 10:01:51.636;	15161;	1
04.10.2016 10:01:52.256;	15159;	-1
04.10.2016 10:01:52.348;	15161;	1
04.10.2016 10:01:53.316;	15161;	1
04.10.2016 10:01:54.577;	15163;	14
04.10.2016 10:01:54.577;	15164;	10
04.10.2016 10:01:54.577;	15164;	20
04.10.2016 10:01:54.577;	15164;	8
04.10.2016 10:01:54.577;	15164;	10
04.10.2016 10:01:54.577;	15164;	1
04.10.2016 10:01:54.577;	15165;	17
04.10.2016 10:01:54.582;	15165;	1
04.10.2016 10:01:54.582;	15165;	2
04.10.2016 10:01:54.625;	15167;	1
04.10.2016 10:01:54.855;	15165;	-1
04.10.2016 10:01:55.138;	15165;	-1
04.10.2016 10:01:55.138;	15165;	-1
04.10.2016 10:01:55.505;	15168;	2
04.10.2016 10:01:56.493;	15169;	1
04.10.2016 10:01:56.493;	15169;	9
04.10.2016 10:01:56.949;	15167;	-4
04.10.2016 10:01:57.133;	15167;	-5
04.10.2016 10:01:57.391;	15169;	-1
04.10.2016 10:01:58.036;	15165;	-1
04.10.2016 10:01:58.036;	15165;	-2
04.10.2016 10:01:58.036;	15165;	-8
04.10.2016 10:01:58.432;	15169;	1
04.10.2016 10:01:58.447;	15169;	2
04.10.2016 10:01:58.762;	15166;	-1
04.10.2016 10:01:59.430;	15169;	1
04.10.2016 10:01:59.946;	15166;	-10
04.10.2016 10:02:00.507;	15169;	1
04.10.2016 10:02:00.661;	15165;	-10
04.10.2016 10:02:00.665;	15166;	-1
04.10.2016 10:02:00.682;	15166;	-1
04.10.2016 10:02:00.685;	15166;	-1
04.10.2016 10:02:00.687;	15166;	-1
04.10.2016 10:02:00.690;	15166;	-1
04.10.2016 10:02:00.693;	15166;	-1
04.10.2016 10:02:00.696;	15166;	-1
04.10.2016 10:02:00.715;	15166;	-1
04.10.2016 10:02:00.907;	15168;	-1
04.10.2016 10:02:01.359;	15169;	1
04.10.2016 10:02:02.714;	15169;	2
04.10.2016 10:02:02.831;	15169;	17
04.10.2016 10:02:02.831;	15169;	3
04.10.2016 10:02:02.986;	15169;	3
04.10.2016 10:02:03.385;	15167;	2
04.10.2016 10:02:03.698;	15166;	-1
04.10.2016 10:02:03.888;	15170;	1
04.10.2016 10:02:03.902;	15170;	1
04.10.2016 10:02:03.902;	15170;	2
04.10.2016 10:02:03.902;	15170;	1
04.10.2016 10:02:03.902;	15170;	3
04.10.2016 10:02:04.887;	15166;	-1
04.10.2016 10:02:05.140;	15166;	-1
04.10.2016 10:02:05.202;	15170;	1
04.10.2016 10:02:06.452;	15170;	1
04.10.2016 10:02:06.875;	15169;	13
04.10.2016 10:02:07.043;	15169;	7
04.10.2016 10:02:07.043;	15170;	1
04.10.2016 10:02:07.328;	15170;	1
04.10.2016 10:02:08.266;	15170;	1
04.10.2016 10:02:08.412;	15170;	3
04.10.2016 10:02:09.329;	15171;	1
04.10.2016 10:02:09.544;	15170;	-3
04.10.2016 10:02:09.809;	15170;	-5
04.10.2016 10:02:10.113;	15170;	-7
04.10.2016 10:02:10.391;	15171;	1
04.10.2016 10:02:10.557;	15170;	-3
04.10.2016 10:02:10.558;	15170;	-10
04.10.2016 10:02:10.561;	15170;	-6
04.10.2016 10:02:10.561;	15170;	-3
04.10.2016 10:02:10.561;	15170;	-3
04.10.2016 10:02:10.561;	15170;	-1
04.10.2016 10:02:10.562;	15170;	-35
04.10.2016 10:02:10.562;	15170;	-1
04.10.2016 10:02:11.113;	15167;	-3
04.10.2016 10:02:11.113;	15167;	-2
04.10.2016 10:02:11.113;	15166;	-2
04.10.2016 10:02:11.391;	15166;	-2
04.10.2016 10:02:11.391;	15169;	1
04.10.2016 10:02:11.645;	15169;	1
04.10.2016 10:02:12.051;	15170;	10
04.10.2016 10:02:12.329;	15166;	-1
04.10.2016 10:02:12.629;	15170;	1
04.10.2016 10:02:13.200;	15167;	1
04.10.2016 10:02:17.213;	15168;	1
04.10.2016 10:02:18.750;	15167;	1
04.10.2016 10:02:18.753;	15167;	2
04.10.2016 10:02:19.231;	15168;	1
04.10.2016 10:02:19.231;	15168;	10
04.10.2016 10:02:21.810;	15167;	-5
04.10.2016 10:02:23.438;	15166;	-1
04.10.2016 10:02:24.824;	15169;	2
04.10.2016 10:02:25.491;	15167;	-2
04.10.2016 10:02:25.491;	15166;	-3
04.10.2016 10:02:26.274;	15168;	8
04.10.2016 10:02:26.525;	15166;	-4
04.10.2016 10:02:26.528;	15168;	2
04.10.2016 10:02:26.528;	15169;	1
04.10.2016 10:02:26.528;	15169;	1
04.10.2016 10:02:26.541;	15169;	1
04.10.2016 10:02:26.541;	15169;	1
04.10.2016 10:02:26.618;	15167;	-1
04.10.2016 10:02:29.847;	15169;	1
04.10.2016 10:02:29.847;	15170;	5
04.10.2016 10:02:29.847;	15170;	3
04.10.2016 10:02:30.693;	15168;	4
04.10.2016 10:02:30.856;	15168;	6
04.10.2016 10:02:30.856;	15168;	1
04.10.2016 10:02:32.827;	15167;	8
04.10.2016 10:02:33.097;	15166;	-4
04.10.2016 10:02:33.097;	15166;	-6
04.10.2016 10:02:33.097;	15166;	-10
04.10.2016 10:02:33.097;	15166;	-4
04.10.2016 10:02:33.097;	15165;	-1
04.10.2016 10:02:33.097;	15165;	-5
04.10.2016 10:02:33.097;	15165;	-10
04.10.2016 10:02:33.097;	15165;	-2
04.10.2016 10:02:33.100;	15165;	1
04.10.2016 10:02:33.101;	15165;	-9
04.10.2016 10:02:33.121;	15165;	4
04.10.2016 10:02:33.121;	15165;	8
04.10.2016 10:02:33.308;	15166;	8
04.10.2016 10:02:33.308;	15166;	4
04.10.2016 10:02:33.497;	15164;	-2
04.10.2016 10:02:35.354;	15168;	5
04.10.2016 10:02:35.378;	15168;	4
04.10.2016 10:02:35.378;	15168;	4
04.10.2016 10:02:35.404;	15168;	2
04.10.2016 10:02:35.404;	15168;	3
04.10.2016 10:02:35.404;	15168;	3
04.10.2016 10:02:35.404;	15168;	8
04.10.2016 10:02:35.539;	15168;	1
04.10.2016 10:02:36.208;	15165;	-10
04.10.2016 10:02:36.690;	15166;	1
04.10.2016 10:02:36.726;	15166;	1
04.10.2016 10:02:37.402;	15165;	-3
04.10.2016 10:02:39.093;	15164;	-10
04.10.2016 10:02:39.775;	15165;	-20
04.10.2016 10:02:39.776;	15164;	-20
04.10.2016 10:02:39.968;	15163;	-1
04.10.2016 10:02:41.168;	15163;	-19
04.10.2016 10:02:41.170;	15162;	-4
04.10.2016 10:02:41.170;	15162;	-2
04.10.2016 10:02:41.170;	15162;	-23
04.10.2016 10:02:41.170;	15162;	-10
04.10.2016 10:02:41.172;	15161;	-3
04.10.2016 10:02:41.172;	15161;	-10
04.10.2016 10:02:41.172;	15161;	-20
04.10.2016 10:02:41.172;	15161;	-1
04.10.2016 10:02:41.175;	15160;	-10
04.10.2016 10:02:41.175;	15160;	-1
04.10.2016 10:02:41.175;	15160;	-8
04.10.2016 10:02:41.175;	15160;	-1
04.10.2016 10:02:41.175;	15160;	-12
04.10.2016 10:02:41.180;	15159;	-6
04.10.2016 10:02:41.180;	15159;	-2
04.10.2016 10:02:41.181;	15159;	-2
04.10.2016 10:02:41.181;	15159;	-2
04.10.2016 10:02:41.186;	15158;	-10
04.10.2016 10:02:41.186;	15158;	-1
04.10.2016 10:02:41.208;	15158;	12
04.10.2016 10:02:41.209;	15158;	8
04.10.2016 10:02:41.209;	15158;	4
04.10.2016 10:02:43.480;	15160;	1
04.10.2016 10:02:43.994;	15158;	-3
04.10.2016 10:02:44.554;	15158;	-3
04.10.2016 10:02:45.098;	15158;	-3
04.10.2016 10:02:45.666;	15159;	-3
04.10.2016 10:02:48.414;	15161;	1
04.10.2016 10:02:48.857;	15158;	-13
04.10.2016 10:02:49.104;	15158;	-2
04.10.2016 10:02:49.184;	15158;	-1
04.10.2016 10:02:49.192;	15157;	-1
04.10.2016 10:02:49.707;	15160;	1
04.10.2016 10:02:49.710;	15160;	2
04.10.2016 10:02:49.710;	15160;	1
04.10.2016 10:02:50.244;	15159;	-10
04.10.2016 10:02:50.461;	15159;	-8
04.10.2016 10:02:51.071;	15162;	2
04.10.2016 10:02:51.071;	15162;	1
04.10.2016 10:02:51.071;	15162;	3
04.10.2016 10:02:51.071;	15163;	4
04.10.2016 10:02:52.303;	15161;	-1
04.10.2016 10:02:52.306;	15161;	1
04.10.2016 10:02:52.308;	15162;	6
04.10.2016 10:02:52.308;	15162;	2
04.10.2016 10:02:53.689;	15162;	-2
04.10.2016 10:02:53.689;	15162;	-3
04.10.2016 10:02:54.742;	15162;	-3
04.10.2016 10:02:56.092;	15167;	2
04.10.2016 10:02:56.092;	15167;	2
04.10.2016 10:02:56.095;	15167;	1
04.10.2016 10:02:56.095;	15167;	1
04.10.2016 10:02:56.095;	15165;	-2
04.10.2016 10:02:56.153;	15165;	-3
04.10.2016 10:02:56.161;	15168;	1
04.10.2016 10:02:56.165;	15168;	1
04.10.2016 10:02:56.165;	15168;	3
04.10.2016 10:02:56.165;	15168;	2
04.10.2016 10:02:56.167;	15168;	2
04.10.2016 10:02:56.167;	15168;	1
04.10.2016 10:02:56.167;	15168;	1
04.10.2016 10:02:56.188;	15166;	-2
04.10.2016 10:02:56.188;	15165;	-1
04.10.2016 10:02:56.195;	15165;	-3
04.10.2016 10:02:56.215;	15168;	2
04.10.2016 10:02:58.597;	15166;	-1
04.10.2016 10:02:58.946;	15166;	-1
04.10.2016 10:02:59.836;	15168;	1
04.10.2016 10:03:01.247;	15166;	-2
04.10.2016 10:03:01.247;	15165;	-3
04.10.2016 10:03:03.286;	15165;	-2
04.10.2016 10:03:03.286;	15165;	-1
04.10.2016 10:03:03.286;	15164;	-2
04.10.2016 10:03:06.793;	15165;	-1
04.10.2016 10:03:08.521;	15165;	-3
04.10.2016 10:03:08.521;	15164;	-1
04.10.2016 10:03:08.521;	15164;	-1
04.10.2016 10:03:08.522;	15164;	-1
04.10.2016 10:03:08.522;	15164;	-2
04.10.2016 10:03:08.522;	15163;	-2
04.10.2016 10:03:08.523;	15163;	-1
04.10.2016 10:03:08.523;	15163;	-5
04.10.2016 10:03:08.525;	15163;	-5
04.10.2016 10:03:08.525;	15163;	-3
04.10.2016 10:03:08.525;	15163;	-2
04.10.2016 10:03:08.528;	15163;	-5
04.10.2016 10:03:08.528;	15163;	-3
04.10.2016 10:03:08.528;	15163;	-2
04.10.2016 10:03:08.530;	15163;	-5
04.10.2016 10:03:08.531;	15163;	-5
04.10.2016 10:03:08.531;	15163;	-5
04.10.2016 10:03:08.533;	15163;	-3
04.10.2016 10:03:08.533;	15163;	-2
04.10.2016 10:03:08.533;	15163;	-5
04.10.2016 10:03:08.534;	15163;	-5
04.10.2016 10:03:08.536;	15163;	-3
04.10.2016 10:03:08.536;	15163;	-2
04.10.2016 10:03:08.536;	15163;	-5
04.10.2016 10:03:08.538;	15163;	-5
04.10.2016 10:03:08.538;	15163;	-5
04.10.2016 10:03:08.541;	15163;	-3
04.10.2016 10:03:08.541;	15163;	-2
04.10.2016 10:03:08.544;	15163;	-5
04.10.2016 10:03:08.545;	15163;	-5
04.10.2016 10:03:08.821;	15162;	-1
04.10.2016 10:03:08.906;	15162;	-12
04.10.2016 10:03:09.083;	15161;	-6
04.10.2016 10:03:10.231;	15161;	5
04.10.2016 10:03:12.148;	15161;	12
04.10.2016 10:03:12.299;	15161;	5
04.10.2016 10:03:15.671;	15158;	-1
04.10.2016 10:03:17.399;	15158;	-1
04.10.2016 10:03:17.399;	15158;	-4
04.10.2016 10:03:20.458;	15159;	2
04.10.2016 10:03:20.494;	15158;	-1
04.10.2016 10:03:21.706;	15160;	1
04.10.2016 10:03:22.190;	15161;	11
04.10.2016 10:03:23.200;	15161;	4
04.10.2016 10:03:23.299;	15161;	4
04.10.2016 10:03:24.009;	15159;	-1
04.10.2016 10:03:25.023;	15158;	-1
04.10.2016 10:03:26.059;	15159;	-12
04.10.2016 10:03:26.194;	15162;	2
04.10.2016 10:03:26.194;	15162;	1
04.10.2016 10:03:26.421;	15162;	1
04.10.2016 10:03:26.421;	15162;	3
04.10.2016 10:03:26.430;	15163;	1
04.10.2016 10:03:26.430;	15163;	1
04.10.2016 10:03:26.430;	15163;	2
04.10.2016 10:03:27.054;	15159;	-1
04.10.2016 10:03:28.290;	15159;	-1
04.10.2016 10:03:29.485;	15159;	-1
04.10.2016 10:03:29.532;	15163;	2
04.10.2016 10:03:30.478;	15160;	-1
04.10.2016 10:03:32.131;	15160;	-1
04.10.2016 10:03:36.384;	15159;	-1
04.10.2016 10:03:36.771;	15160;	1
04.10.2016 10:03:37.324;	15159;	-3
04.10.2016 10:03:47.686;	15162;	1
04.10.2016 10:03:51.720;	15158;	-2
04.10.2016 10:03:53.665;	15161;	1
04.10.2016 10:03:54.876;	15160;	10
04.10.2016 10:03:54.876;	15160;	6
04.10.2016 10:04:00.583;	15163;	20
04.10.2016 10:04:00.583;	15163;	2
04.10.2016 10:04:00.583;	15164;	9
04.10.2016 10:04:00.584;	15163;	9
04.10.2016 10:04:00.596;	15163;	11
04.10.2016 10:04:00.598;	15164;	16
04.10.2016 10:04:00.598;	15164;	8
04.10.2016 10:04:00.598;	15164;	10
04.10.2016 10:04:01.354;	15163;	-1
04.10.2016 10:04:02.007;	15163;	-1
04.10.2016 10:04:02.007;	15163;	-2
04.10.2016 10:04:02.009;	15163;	11
04.10.2016 10:04:02.584;	15161;	-3
04.10.2016 10:04:02.584;	15161;	-12
04.10.2016 10:04:02.584;	15160;	-15
04.10.2016 10:04:03.090;	15160;	-3
04.10.2016 10:04:03.090;	15160;	-2
04.10.2016 10:04:03.090;	15160;	-3
04.10.2016 10:04:03.090;	15160;	-1
04.10.2016 10:04:03.090;	15159;	-1
04.10.2016 10:04:05.551;	15161;	2
04.10.2016 10:04:05.551;	15163;	2
04.10.2016 10:04:05.551;	15163;	10
04.10.2016 10:04:05.551;	15164;	6
04.10.2016 10:04:06.186;	15164;	14
04.10.2016 10:04:06.186;	15164;	1
04.10.2016 10:04:06.198;	15160;	10
04.10.2016 10:04:07.715;	15163;	2
04.10.2016 10:04:08.046;	15163;	5
04.10.2016 10:04:12.461;	15160;	-1
04.10.2016 10:04:18.289;	15162;	4
04.10.2016 10:04:18.290;	15162;	12
04.10.2016 10:04:18.291;	15162;	7
04.10.2016 10:04:18.291;	15162;	5
04.10.2016 10:04:23.134;	15162;	10
04.10.2016 10:04:23.698;	15161;	2
04.10.2016 10:04:25.130;	15162;	21
04.10.2016 10:04:25.572;	15162;	5
04.10.2016 10:04:27.457;	15160;	-2
04.10.2016 10:04:27.457;	15160;	-2
04.10.2016 10:04:27.457;	15160;	-2
04.10.2016 10:04:32.503;	15159;	-2
04.10.2016 10:04:33.197;	15161;	9
04.10.2016 10:04:33.197;	15161;	120
04.10.2016 10:04:33.197;	15161;	83
04.10.2016 10:04:33.201;	15161;	67
04.10.2016 10:04:33.204;	15162;	13
04.10.2016 10:04:34.012;	15162;	-1
04.10.2016 10:04:34.631;	15162;	-9
04.10.2016 10:04:37.417;	15162;	-2
04.10.2016 10:04:40.298;	15164;	6
04.10.2016 10:04:40.865;	15164;	6
04.10.2016 10:04:40.865;	15165;	2
04.10.2016 10:04:40.865;	15165;	5
04.10.2016 10:04:40.865;	15165;	1
04.10.2016 10:04:40.865;	15165;	2
04.10.2016 10:04:40.867;	15165;	-7
04.10.2016 10:04:40.886;	15162;	-1
04.10.2016 10:04:41.279;	15162;	-1
04.10.2016 10:04:44.373;	15164;	-2
04.10.2016 10:04:47.576;	15165;	3
04.10.2016 10:04:47.576;	15166;	2
04.10.2016 10:04:48.115;	15166;	6
04.10.2016 10:04:48.616;	15166;	1
04.10.2016 10:04:48.629;	15166;	12
04.10.2016 10:04:50.806;	15163;	-1
04.10.2016 10:04:51.891;	15165;	1
04.10.2016 10:04:52.275;	15165;	1
04.10.2016 10:04:53.988;	15165;	1
04.10.2016 10:04:54.323;	15164;	-3
04.10.2016 10:04:54.343;	15164;	-3
04.10.2016 10:04:54.408;	15164;	-14
04.10.2016 10:04:57.088;	15162;	-30
04.10.2016 10:04:57.091;	15162;	-6
04.10.2016 10:04:57.091;	15162;	-1
04.10.2016 10:04:57.091;	15162;	-1
04.10.2016 10:04:58.899;	15163;	10
04.10.2016 10:04:59.077;	15160;	-7
04.10.2016 10:04:59.858;	15163;	2
04.10.2016 10:04:59.858;	15163;	12
04.10.2016 10:04:59.858;	15163;	1
04.10.2016 10:04:59.858;	15163;	1
04.10.2016 10:04:59.861;	15163;	-4
04.10.2016 10:05:00.627;	15161;	-2
04.10.2016 10:05:00.627;	15160;	-2
04.10.2016 10:05:00.627;	15160;	-11
04.10.2016 10:05:00.829;	15163;	2
04.10.2016 10:05:00.829;	15164;	1
04.10.2016 10:05:01.081;	15160;	-3
04.10.2016 10:05:01.081;	15160;	-3
04.10.2016 10:05:01.143;	15160;	-4
04.10.2016 10:05:01.305;	15160;	-4
04.10.2016 10:05:01.306;	15160;	-4
04.10.2016 10:05:01.503;	15159;	-2
04.10.2016 10:05:01.617;	15159;	-1
04.10.2016 10:05:01.617;	15159;	-2
04.10.2016 10:05:01.617;	15159;	-1
04.10.2016 10:05:01.777;	15159;	-1
04.10.2016 10:05:01.856;	15159;	-8
04.10.2016 10:05:01.856;	15159;	-2
04.10.2016 10:05:01.867;	15157;	-3
04.10.2016 10:05:01.867;	15157;	-1
04.10.2016 10:05:02.200;	15159;	-10
04.10.2016 10:05:02.200;	15159;	-2
04.10.2016 10:05:02.204;	15157;	-9
04.10.2016 10:05:02.204;	15157;	-1
04.10.2016 10:05:02.204;	15157;	-1
04.10.2016 10:05:02.204;	15156;	-9
04.10.2016 10:05:02.218;	15156;	-6
04.10.2016 10:05:02.220;	15156;	-4
04.10.2016 10:05:02.220;	15156;	-1
04.10.2016 10:05:02.233;	15156;	-6
04.10.2016 10:05:02.331;	15155;	-1
04.10.2016 10:05:02.331;	15155;	-1
04.10.2016 10:05:02.823;	15155;	-6
04.10.2016 10:05:02.823;	15154;	-10
04.10.2016 10:05:02.823;	15154;	-1
04.10.2016 10:05:02.823;	15154;	-1
04.10.2016 10:05:02.823;	15154;	-1
04.10.2016 10:05:02.836;	15154;	-4
04.10.2016 10:05:04.277;	15154;	-1
04.10.2016 10:05:04.370;	15154;	-3
04.10.2016 10:05:04.897;	15154;	-6
04.10.2016 10:05:04.946;	15154;	-7
04.10.2016 10:05:04.946;	15154;	-3
04.10.2016 10:05:05.024;	15153;	-3
04.10.2016 10:05:05.053;	15154;	-2
04.10.2016 10:05:05.324;	15154;	-2
04.10.2016 10:05:05.324;	15153;	-1
04.10.2016 10:05:05.478;	15154;	-2
04.10.2016 10:05:05.591;	15154;	-2
04.10.2016 10:05:05.668;	15153;	-1
04.10.2016 10:05:05.755;	15154;	-2
04.10.2016 10:05:06.039;	15155;	1
04.10.2016 10:05:06.040;	15155;	14
04.10.2016 10:05:06.040;	15155;	2
04.10.2016 10:05:06.040;	15155;	24
04.10.2016 10:05:06.040;	15155;	13
04.10.2016 10:05:06.040;	15156;	2
04.10.2016 10:05:07.247;	15154;	-2
04.10.2016 10:05:07.251;	15154;	2
04.10.2016 10:05:07.251;	15154;	-4
04.10.2016 10:05:07.403;	15155;	6
04.10.2016 10:05:08.084;	15154;	-2
04.10.2016 10:05:08.840;	15154;	-2
04.10.2016 10:05:09.058;	15153;	-2
04.10.2016 10:05:09.071;	15154;	-2
04.10.2016 10:05:09.393;	15153;	-2
04.10.2016 10:05:09.416;	15154;	-2
04.10.2016 10:05:09.427;	15153;	-1
04.10.2016 10:05:09.427;	15153;	-1
04.10.2016 10:05:09.492;	15154;	-1
04.10.2016 10:05:10.464;	15154;	-2
04.10.2016 10:05:10.729;	15154;	-1
04.10.2016 10:05:10.767;	15153;	-1
04.10.2016 10:05:10.972;	15154;	-2
04.10.2016 10:05:11.370;	15153;	-3
04.10.2016 10:05:11.389;	15154;	-2
04.10.2016 10:05:11.527;	15154;	-2
04.10.2016 10:05:11.630;	15153;	-2
04.10.2016 10:05:11.652;	15154;	2
04.10.2016 10:05:11.753;	15154;	2
04.10.2016 10:05:12.055;	15153;	-1
04.10.2016 10:05:12.064;	15153;	-1
04.10.2016 10:05:12.064;	15154;	2
04.10.2016 10:05:12.079;	15154;	2
04.10.2016 10:05:12.095;	15154;	2
04.10.2016 10:05:12.414;	15154;	4
04.10.2016 10:05:12.414;	15154;	2
04.10.2016 10:05:12.787;	15154;	-1
04.10.2016 10:05:13.680;	15154;	-1
04.10.2016 10:05:15.627;	15154;	-2
04.10.2016 10:05:16.974;	15154;	-2
04.10.2016 10:05:17.295;	15154;	-2
04.10.2016 10:05:17.347;	15153;	-7
04.10.2016 10:05:17.364;	15154;	-2
04.10.2016 10:05:17.810;	15154;	-2
04.10.2016 10:05:18.527;	15154;	-2
04.10.2016 10:05:18.977;	15154;	-2
04.10.2016 10:05:19.872;	15153;	-14
04.10.2016 10:05:19.874;	15153;	-3
04.10.2016 10:05:19.877;	15153;	-67
04.10.2016 10:05:19.877;	15153;	-1
04.10.2016 10:05:19.877;	15153;	-11
04.10.2016 10:05:19.877;	15153;	-3
04.10.2016 10:05:19.877;	15153;	-2
04.10.2016 10:05:19.881;	15152;	-10
04.10.2016 10:05:19.881;	15152;	-5
04.10.2016 10:05:19.884;	15151;	-10
04.10.2016 10:05:19.884;	15151;	-5
04.10.2016 10:05:19.884;	15151;	-1
04.10.2016 10:05:19.884;	15151;	-2
04.10.2016 10:05:19.891;	15150;	-6
04.10.2016 10:05:19.891;	15150;	-2
04.10.2016 10:05:19.892;	15150;	-2
04.10.2016 10:05:19.892;	15150;	-1
04.10.2016 10:05:19.892;	15150;	-1
04.10.2016 10:05:19.892;	15150;	-1
04.10.2016 10:05:19.892;	15150;	-1
04.10.2016 10:05:19.892;	15150;	-5
04.10.2016 10:05:19.892;	15150;	-2
04.10.2016 10:05:19.892;	15150;	-10
04.10.2016 10:05:19.892;	15150;	-2
04.10.2016 10:05:19.899;	15149;	-1
04.10.2016 10:05:19.902;	15149;	-7
04.10.2016 10:05:19.902;	15149;	-3
04.10.2016 10:05:19.918;	15147;	-1
04.10.2016 10:05:19.918;	15147;	-7
04.10.2016 10:05:19.935;	15146;	-10
04.10.2016 10:05:19.935;	15146;	-10
04.10.2016 10:05:19.935;	15146;	-2
04.10.2016 10:05:19.935;	15146;	-37
04.10.2016 10:05:19.939;	15146;	-5
04.10.2016 10:05:19.940;	15146;	-2
04.10.2016 10:05:19.942;	15146;	-2
04.10.2016 10:05:19.942;	15146;	-1
04.10.2016 10:05:19.955;	15145;	-1
04.10.2016 10:05:19.959;	15145;	-1
04.10.2016 10:05:19.959;	15145;	-10
04.10.2016 10:05:19.959;	15145;	-1
04.10.2016 10:05:19.959;	15145;	-1
04.10.2016 10:05:19.959;	15145;	-5
04.10.2016 10:05:19.984;	15145;	-10
04.10.2016 10:05:20.040;	15147;	2
04.10.2016 10:05:20.040;	15147;	1
04.10.2016 10:05:20.040;	15147;	3
04.10.2016 10:05:20.040;	15147;	10
04.10.2016 10:05:20.117;	15147;	1
04.10.2016 10:05:20.237;	15145;	4
04.10.2016 10:05:20.237;	15145;	1
04.10.2016 10:05:20.238;	15145;	4
04.10.2016 10:05:20.238;	15146;	4
04.10.2016 10:05:20.244;	15146;	-9
04.10.2016 10:05:20.266;	15148;	15
04.10.2016 10:05:20.304;	15148;	3
04.10.2016 10:05:20.511;	15146;	-2
04.10.2016 10:05:20.595;	15146;	-23
04.10.2016 10:05:20.595;	15145;	-3
04.10.2016 10:05:20.595;	15145;	-3
04.10.2016 10:05:20.595;	15145;	-2
04.10.2016 10:05:20.595;	15145;	-2
04.10.2016 10:05:20.595;	15144;	-17
04.10.2016 10:05:20.809;	15145;	-2
04.10.2016 10:05:20.809;	15144;	-8
04.10.2016 10:05:20.909;	15145;	-4
04.10.2016 10:05:21.012;	15145;	-8
04.10.2016 10:05:21.012;	15145;	-2
04.10.2016 10:05:21.139;	15144;	-10
04.10.2016 10:05:21.419;	15145;	-2
04.10.2016 10:05:21.419;	15145;	-1
04.10.2016 10:05:21.419;	15144;	-3
04.10.2016 10:05:21.419;	15143;	-4
04.10.2016 10:05:21.430;	15148;	1
04.10.2016 10:05:21.433;	15145;	-1
04.10.2016 10:05:21.433;	15144;	-9
04.10.2016 10:05:21.730;	15145;	-2
04.10.2016 10:05:21.779;	15144;	-9
04.10.2016 10:05:21.779;	15144;	-1
04.10.2016 10:05:21.883;	15145;	-1
04.10.2016 10:05:22.000;	15145;	-10
04.10.2016 10:05:22.075;	15145;	-10
04.10.2016 10:05:22.714;	15145;	-2
04.10.2016 10:05:22.714;	15144;	-2
04.10.2016 10:05:22.714;	15144;	-1
04.10.2016 10:05:22.721;	15144;	-1
04.10.2016 10:05:24.417;	15146;	-2
04.10.2016 10:05:24.544;	15147;	2
04.10.2016 10:05:24.544;	15147;	2
04.10.2016 10:05:24.544;	15147;	1
04.10.2016 10:05:24.548;	15147;	3
04.10.2016 10:05:24.548;	15147;	1
04.10.2016 10:05:24.551;	15147;	2
04.10.2016 10:05:24.551;	15147;	1
04.10.2016 10:05:24.931;	15146;	-3
04.10.2016 10:05:24.932;	15145;	-2
04.10.2016 10:05:24.932;	15145;	-1
04.10.2016 10:05:24.933;	15145;	-10
04.10.2016 10:05:24.933;	15145;	-10
04.10.2016 10:05:24.933;	15145;	-10
04.10.2016 10:05:24.933;	15146;	10
04.10.2016 10:05:24.935;	15145;	-19
04.10.2016 10:05:24.935;	15144;	-8
04.10.2016 10:05:24.935;	15143;	-2
04.10.2016 10:05:24.970;	15144;	-3
04.10.2016 10:05:25.042;	15144;	-12
04.10.2016 10:05:25.679;	15143;	-4
04.10.2016 10:05:25.679;	15143;	-1
04.10.2016 10:05:25.679;	15143;	-5
04.10.2016 10:05:26.017;	15143;	-1
04.10.2016 10:05:26.321;	15143;	-4
04.10.2016 10:05:27.860;	15145;	1
04.10.2016 10:05:29.086;	15143;	-1
04.10.2016 10:05:29.278;	15143;	-1
04.10.2016 10:05:29.321;	15145;	1
04.10.2016 10:05:31.108;	15145;	5
04.10.2016 10:05:31.108;	15145;	3
04.10.2016 10:05:32.478;	15143;	-2
04.10.2016 10:05:32.649;	15145;	4
04.10.2016 10:05:32.806;	15144;	3
04.10.2016 10:05:32.806;	15145;	1
04.10.2016 10:05:33.371;	15144;	-2
04.10.2016 10:05:33.512;	15144;	-2
04.10.2016 10:05:33.894;	15146;	1
04.10.2016 10:05:34.511;	15147;	20
04.10.2016 10:05:36.204;	15144;	-2
04.10.2016 10:05:37.635;	15147;	2
04.10.2016 10:05:37.635;	15147;	10
04.10.2016 10:05:37.657;	15148;	1
04.10.2016 10:05:37.667;	15150;	1
04.10.2016 10:05:37.667;	15150;	1
04.10.2016 10:05:37.683;	15151;	3
04.10.2016 10:05:37.684;	15151;	1
04.10.2016 10:05:37.731;	15154;	1
04.10.2016 10:05:37.731;	15154;	3
04.10.2016 10:05:37.731;	15154;	20
04.10.2016 10:05:37.731;	15154;	2
04.10.2016 10:05:37.738;	15152;	-1
04.10.2016 10:05:37.740;	15152;	-1
04.10.2016 10:05:37.777;	15152;	-3
04.10.2016 10:05:38.665;	15150;	-1
04.10.2016 10:05:40.502;	15146;	-2
04.10.2016 10:05:40.883;	15146;	-1
04.10.2016 10:05:42.597;	15146;	-20
04.10.2016 10:05:42.602;	15145;	12
04.10.2016 10:05:42.609;	15144;	-10
04.10.2016 10:05:42.609;	15144;	-1
04.10.2016 10:05:42.623;	15144;	-2
04.10.2016 10:05:42.637;	15143;	-26
04.10.2016 10:05:42.637;	15143;	-10
04.10.2016 10:05:42.654;	15142;	-10
04.10.2016 10:05:42.654;	15142;	-5
04.10.2016 10:05:42.654;	15142;	-1
04.10.2016 10:05:42.654;	15142;	-1
04.10.2016 10:05:42.672;	15141;	-1
04.10.2016 10:05:42.714;	15141;	-2
04.10.2016 10:05:43.057;	15140;	-1
04.10.2016 10:05:43.101;	15140;	-14
04.10.2016 10:05:43.105;	15140;	-140
04.10.2016 10:05:43.106;	15140;	-10
04.10.2016 10:05:43.106;	15140;	-55
04.10.2016 10:05:43.106;	15140;	-1
04.10.2016 10:05:43.106;	15140;	-1
04.10.2016 10:05:43.106;	15140;	-1
04.10.2016 10:05:43.106;	15140;	-1
04.10.2016 10:05:43.108;	15140;	-14
04.10.2016 10:05:43.108;	15140;	-6
04.10.2016 10:05:43.108;	15140;	-1
04.10.2016 10:05:43.119;	15139;	-1
04.10.2016 10:05:43.119;	15139;	-1
04.10.2016 10:05:43.125;	15140;	1
04.10.2016 10:05:43.125;	15141;	16
04.10.2016 10:05:43.270;	15139;	-1
04.10.2016 10:05:43.348;	15139;	-1
04.10.2016 10:05:43.348;	15139;	-2
04.10.2016 10:05:43.415;	15138;	-1
04.10.2016 10:05:43.415;	15138;	-6
04.10.2016 10:05:43.415;	15138;	-1
04.10.2016 10:05:43.568;	15139;	7
04.10.2016 10:05:43.568;	15141;	9
04.10.2016 10:05:43.568;	15141;	9
04.10.2016 10:05:43.642;	15138;	-2
04.10.2016 10:05:44.571;	15138;	-8
04.10.2016 10:05:44.583;	15138;	-3
04.10.2016 10:05:44.620;	15139;	-12
04.10.2016 10:05:44.642;	15142;	2
04.10.2016 10:05:44.642;	15143;	4
04.10.2016 10:05:45.271;	15143;	20
04.10.2016 10:05:45.609;	15142;	5
04.10.2016 10:05:45.624;	15144;	2
04.10.2016 10:05:45.624;	15144;	3
04.10.2016 10:05:45.680;	15141;	-1
04.10.2016 10:05:46.096;	15141;	-1
04.10.2016 10:05:46.226;	15144;	2
04.10.2016 10:05:47.977;	15143;	-25
04.10.2016 10:05:48.174;	15140;	-2
04.10.2016 10:05:48.174;	15139;	-3
04.10.2016 10:05:50.579;	15142;	1
04.10.2016 10:05:52.372;	15139;	-1
04.10.2016 10:05:52.462;	15137;	-1
04.10.2016 10:05:52.780;	15138;	10
04.10.2016 10:05:52.785;	15140;	2
04.10.2016 10:05:53.477;	15139;	-1
04.10.2016 10:05:53.477;	15139;	-4
04.10.2016 10:05:54.586;	15137;	-1
04.10.2016 10:05:55.067;	15137;	-1
04.10.2016 10:05:55.847;	15141;	1
04.10.2016 10:05:55.847;	15141;	2
04.10.2016 10:05:55.847;	15141;	2
04.10.2016 10:05:56.481;	15141;	1
04.10.2016 10:05:57.986;	15140;	5
04.10.2016 10:05:58.273;	15138;	-1
04.10.2016 10:05:58.788;	15138;	-1
04.10.2016 10:05:58.788;	15138;	-2
04.10.2016 10:05:58.788;	15137;	-4
04.10.2016 10:05:58.788;	15137;	-10
04.10.2016 10:05:58.788;	15137;	-1
04.10.2016 10:05:58.788;	15137;	-1
04.10.2016 10:05:58.788;	15137;	-1
04.10.2016 10:05:59.307;	15137;	-1
04.10.2016 10:05:59.917;	15137;	-1
04.10.2016 10:06:00.148;	15137;	-1
04.10.2016 10:06:00.155;	15138;	15
04.10.2016 10:06:00.377;	15139;	10
04.10.2016 10:06:00.396;	15138;	-11
04.10.2016 10:06:00.444;	15138;	-2
04.10.2016 10:06:01.306;	15139;	-2
04.10.2016 10:06:01.306;	15138;	-18
04.10.2016 10:06:01.731;	15139;	-8
04.10.2016 10:06:01.852;	15137;	-2
04.10.2016 10:06:01.977;	15137;	-1
04.10.2016 10:06:02.866;	15137;	-3
04.10.2016 10:06:03.034;	15139;	2
04.10.2016 10:06:03.572;	15137;	-3
04.10.2016 10:06:03.572;	15137;	-2
04.10.2016 10:06:05.375;	15137;	-48
04.10.2016 10:06:05.390;	15136;	-2
04.10.2016 10:06:05.391;	15136;	-1
04.10.2016 10:06:05.391;	15136;	-10
04.10.2016 10:06:05.391;	15136;	-5
04.10.2016 10:06:05.391;	15136;	-2
04.10.2016 10:06:05.412;	15135;	-1
04.10.2016 10:06:05.412;	15135;	-1
04.10.2016 10:06:05.412;	15135;	-18
04.10.2016 10:06:05.412;	15135;	-1
04.10.2016 10:06:05.412;	15135;	-3
04.10.2016 10:06:05.419;	15136;	5
04.10.2016 10:06:05.425;	15136;	5
04.10.2016 10:06:05.449;	15134;	-1
04.10.2016 10:06:05.449;	15134;	-1
04.10.2016 10:06:05.621;	15133;	-1
04.10.2016 10:06:05.621;	15133;	-1
04.10.2016 10:06:05.638;	15133;	-10
04.10.2016 10:06:05.638;	15133;	-1
04.10.2016 10:06:05.638;	15133;	-4
04.10.2016 10:06:05.738;	15132;	-1
04.10.2016 10:06:05.738;	15132;	-2
04.10.2016 10:06:06.190;	15135;	1
04.10.2016 10:06:06.305;	15132;	-1
04.10.2016 10:06:06.321;	15133;	-2
04.10.2016 10:06:06.323;	15132;	-1
04.10.2016 10:06:06.323;	15132;	-3
04.10.2016 10:06:06.337;	15132;	-1
04.10.2016 10:06:06.517;	15132;	-2
04.10.2016 10:06:07.836;	15133;	-1
04.10.2016 10:06:08.507;	15135;	1
04.10.2016 10:06:08.507;	15135;	1
04.10.2016 10:06:08.507;	15135;	1
04.10.2016 10:06:08.507;	15136;	2
04.10.2016 10:06:08.507;	15137;	5
04.10.2016 10:06:08.991;	15137;	1
04.10.2016 10:06:12.994;	15134;	1
04.10.2016 10:06:13.299;	15134;	1
04.10.2016 10:06:13.935;	15131;	-1
04.10.2016 10:06:13.935;	15131;	-1
04.10.2016 10:06:13.935;	15131;	-1
04.10.2016 10:06:13.935;	15131;	-1
04.10.2016 10:06:13.935;	15131;	-1
04.10.2016 10:06:14.089;	15131;	-3
04.10.2016 10:06:14.274;	15132;	2
04.10.2016 10:06:14.274;	15133;	1
04.10.2016 10:06:14.552;	15131;	-21
04.10.2016 10:06:14.552;	15131;	-10
04.10.2016 10:06:14.552;	15131;	-5
04.10.2016 10:06:14.556;	15131;	-5
04.10.2016 10:06:14.556;	15131;	-1
04.10.2016 10:06:14.556;	15131;	-2
04.10.2016 10:06:14.564;	15130;	-19
04.10.2016 10:06:14.628;	15130;	-1
04.10.2016 10:06:14.658;	15130;	-1
04.10.2016 10:06:14.745;	15130;	-5
04.10.2016 10:06:14.807;	15130;	-9
04.10.2016 10:06:14.808;	15130;	-1
04.10.2016 10:06:14.809;	15130;	-2
04.10.2016 10:06:14.915;	15130;	-62
04.10.2016 10:06:14.915;	15130;	-1
04.10.2016 10:06:14.915;	15130;	-20
04.10.2016 10:06:14.915;	15130;	-10
04.10.2016 10:06:14.919;	15130;	-3
04.10.2016 10:06:14.919;	15130;	-1
04.10.2016 10:06:14.919;	15130;	-2
04.10.2016 10:06:14.919;	15130;	-6
04.10.2016 10:06:16.035;	15129;	-1
04.10.2016 10:06:16.035;	15129;	-1
04.10.2016 10:06:16.035;	15129;	-1
04.10.2016 10:06:16.035;	15129;	-4
04.10.2016 10:06:16.040;	15129;	-1
04.10.2016 10:06:16.040;	15129;	-1
04.10.2016 10:06:16.040;	15129;	-1
04.10.2016 10:06:16.046;	15128;	-14
04.10.2016 10:06:16.047;	15128;	-35
04.10.2016 10:06:16.060;	15128;	-1
04.10.2016 10:06:16.060;	15128;	-1
04.10.2016 10:06:16.060;	15128;	-1
04.10.2016 10:06:16.234;	15127;	-1
04.10.2016 10:06:16.234;	15127;	-1
04.10.2016 10:06:16.234;	15127;	-1
04.10.2016 10:06:16.234;	15127;	-3
04.10.2016 10:06:16.496;	15127;	-8
04.10.2016 10:06:16.496;	15127;	-2
04.10.2016 10:06:16.508;	15127;	-70
04.10.2016 10:06:16.550;	15127;	-1
04.10.2016 10:06:16.609;	15127;	-3
04.10.2016 10:06:16.711;	15127;	-1
04.10.2016 10:06:16.851;	15127;	-1
04.10.2016 10:06:16.890;	15127;	-17
04.10.2016 10:06:16.894;	15127;	-23
04.10.2016 10:06:16.896;	15127;	-4
04.10.2016 10:06:16.897;	15127;	-1
04.10.2016 10:06:16.898;	15127;	-3
04.10.2016 10:06:16.900;	15127;	-2
04.10.2016 10:06:16.903;	15127;	1
04.10.2016 10:06:16.905;	15127;	-1
04.10.2016 10:06:17.400;	15129;	2
04.10.2016 10:06:17.400;	15129;	1
04.10.2016 10:06:17.400;	15129;	2
04.10.2016 10:06:17.400;	15129;	1
04.10.2016 10:06:17.400;	15130;	4
04.10.2016 10:06:17.402;	15130;	4
04.10.2016 10:06:17.403;	15130;	-1
04.10.2016 10:06:17.464;	15128;	-1
04.10.2016 10:06:17.490;	15129;	2
04.10.2016 10:06:17.490;	15129;	5
04.10.2016 10:06:17.491;	15129;	1
04.10.2016 10:06:17.818;	15128;	-7
04.10.2016 10:06:19.349;	15128;	-3
04.10.2016 10:06:19.733;	15131;	2
04.10.2016 10:06:20.332;	15127;	-1
04.10.2016 10:06:21.493;	15130;	1
04.10.2016 10:06:21.731;	15130;	1
04.10.2016 10:06:21.852;	15127;	-24
04.10.2016 10:06:21.852;	15127;	-3
04.10.2016 10:06:21.852;	15127;	-19
04.10.2016 10:06:21.852;	15127;	-2
04.10.2016 10:06:21.852;	15126;	-12
04.10.2016 10:06:21.852;	15126;	-1
04.10.2016 10:06:21.852;	15126;	-1
04.10.2016 10:06:21.852;	15126;	-5
04.10.2016 10:06:21.852;	15126;	-7
04.10.2016 10:06:21.852;	15126;	-3
04.10.2016 10:06:21.852;	15126;	-8
04.10.2016 10:06:21.852;	15125;	-1
04.10.2016 10:06:21.852;	15125;	-1
04.10.2016 10:06:21.852;	15125;	-1
04.10.2016 10:06:21.852;	15125;	-1
04.10.2016 10:06:21.852;	15125;	-1
04.10.2016 10:06:21.852;	15125;	-1
04.10.2016 10:06:21.852;	15125;	-9
04.10.2016 10:06:21.866;	15125;	-1
04.10.2016 10:06:21.866;	15125;	-2
04.10.2016 10:06:21.867;	15125;	-1
04.10.2016 10:06:21.867;	15125;	-2
04.10.2016 10:06:21.867;	15125;	-1
04.10.2016 10:06:22.242;	15129;	10
04.10.2016 10:06:22.689;	15125;	-2
04.10.2016 10:06:23.216;	15127;	-1
04.10.2016 10:06:23.445;	15125;	-1
04.10.2016 10:06:23.806;	15125;	-1
04.10.2016 10:06:24.227;	15125;	-2
04.10.2016 10:06:24.795;	15127;	-1
04.10.2016 10:06:24.899;	15127;	-1
04.10.2016 10:06:24.966;	15127;	-4
04.10.2016 10:06:25.044;	15128;	2
04.10.2016 10:06:25.146;	15129;	1
04.10.2016 10:06:26.636;	15127;	-14
04.10.2016 10:06:26.742;	15125;	-1
04.10.2016 10:06:26.777;	15125;	-6
04.10.2016 10:06:31.525;	15127;	1
04.10.2016 10:06:32.033;	15127;	10
04.10.2016 10:06:32.056;	15127;	7
04.10.2016 10:06:33.337;	15127;	1
04.10.2016 10:06:33.339;	15127;	1
04.10.2016 10:06:33.350;	15127;	6
04.10.2016 10:06:33.541;	15127;	2
04.10.2016 10:06:33.542;	15127;	8
04.10.2016 10:06:33.542;	15127;	1
04.10.2016 10:06:34.507;	15129;	1
04.10.2016 10:06:34.507;	15129;	5
04.10.2016 10:06:34.507;	15129;	2
04.10.2016 10:06:34.507;	15130;	3
04.10.2016 10:06:34.507;	15130;	19
04.10.2016 10:06:35.353;	15130;	1
04.10.2016 10:06:35.628;	15131;	2
04.10.2016 10:06:35.630;	15131;	2
04.10.2016 10:06:35.630;	15131;	1
04.10.2016 10:06:37.417;	15129;	-3
04.10.2016 10:06:37.430;	15132;	1
04.10.2016 10:06:37.440;	15132;	9
04.10.2016 10:06:37.440;	15132;	4
04.10.2016 10:06:37.454;	15134;	1
04.10.2016 10:06:37.800;	15137;	1
04.10.2016 10:06:38.258;	15135;	-1
04.10.2016 10:06:38.575;	15135;	1
04.10.2016 10:06:40.848;	15133;	-2
04.10.2016 10:06:40.848;	15133;	-14
04.10.2016 10:06:40.848;	15132;	-34
04.10.2016 10:06:42.628;	15136;	20
04.10.2016 10:06:42.628;	15136;	1
04.10.2016 10:06:42.657;	15137;	7
04.10.2016 10:06:42.657;	15137;	1
04.10.2016 10:06:42.749;	15138;	1
04.10.2016 10:06:42.749;	15138;	7
04.10.2016 10:06:42.749;	15138;	20
04.10.2016 10:06:42.749;	15138;	2
04.10.2016 10:06:42.754;	15139;	10
04.10.2016 10:06:42.754;	15139;	20
04.10.2016 10:06:42.759;	15139;	20
04.10.2016 10:06:42.764;	15140;	1
04.10.2016 10:06:42.764;	15140;	1
04.10.2016 10:06:42.766;	15140;	8
04.10.2016 10:06:42.772;	15140;	-3
04.10.2016 10:06:42.776;	15140;	1
04.10.2016 10:06:42.777;	15139;	-1
04.10.2016 10:06:42.780;	15141;	25
04.10.2016 10:06:42.780;	15141;	10
04.10.2016 10:06:42.780;	15141;	1
04.10.2016 10:06:42.780;	15141;	23
04.10.2016 10:06:42.781;	15141;	37
04.10.2016 10:06:42.781;	15141;	20
04.10.2016 10:06:42.785;	15141;	2
04.10.2016 10:06:42.785;	15142;	10
04.10.2016 10:06:42.785;	15142;	20
04.10.2016 10:06:42.785;	15142;	70
04.10.2016 10:06:42.785;	15142;	6
04.10.2016 10:06:42.789;	15142;	60
04.10.2016 10:06:42.795;	15143;	8
04.10.2016 10:06:42.797;	15143;	2
04.10.2016 10:06:42.797;	15143;	1
04.10.2016 10:06:42.797;	15143;	10
04.10.2016 10:06:42.797;	15143;	2
04.10.2016 10:06:42.797;	15143;	2
04.10.2016 10:06:42.804;	15142;	-10
04.10.2016 10:06:42.806;	15143;	5
04.10.2016 10:06:42.806;	15143;	2
04.10.2016 10:06:42.808;	15142;	-24
04.10.2016 10:06:42.809;	15143;	1
04.10.2016 10:06:42.813;	15143;	2
04.10.2016 10:06:42.816;	15142;	-16
04.10.2016 10:06:42.816;	15141;	-9
04.10.2016 10:06:42.829;	15144;	10
04.10.2016 10:06:42.829;	15144;	1
04.10.2016 10:06:42.845;	15145;	10
04.10.2016 10:06:42.859;	15146;	10
04.10.2016 10:06:42.859;	15146;	7
04.10.2016 10:06:42.859;	15146;	1
04.10.2016 10:06:42.867;	15146;	7
04.10.2016 10:06:42.867;	15146;	3
04.10.2016 10:06:43.151;	15145;	-1
04.10.2016 10:06:43.331;	15145;	-1
04.10.2016 10:06:43.331;	15145;	-2
04.10.2016 10:06:43.331;	15145;	-2
04.10.2016 10:06:43.331;	15144;	-2
04.10.2016 10:06:43.441;	15146;	1
04.10.2016 10:06:43.527;	15146;	1
04.10.2016 10:06:43.543;	15146;	11
04.10.2016 10:06:43.668;	15146;	10
04.10.2016 10:06:44.012;	15145;	-1
04.10.2016 10:06:44.017;	15145;	-3
04.10.2016 10:06:44.337;	15143;	-1
04.10.2016 10:06:44.337;	15143;	-1
04.10.2016 10:06:44.337;	15142;	-50
04.10.2016 10:06:44.337;	15142;	-3
04.10.2016 10:06:44.337;	15142;	-8
04.10.2016 10:06:44.337;	15142;	-14
04.10.2016 10:06:44.377;	15144;	2
04.10.2016 10:06:45.160;	15142;	-2
04.10.2016 10:06:45.161;	15141;	-3
04.10.2016 10:06:45.162;	15140;	-8
04.10.2016 10:06:45.162;	15140;	-3
04.10.2016 10:06:45.162;	15140;	-14
04.10.2016 10:06:45.162;	15140;	-10
04.10.2016 10:06:45.162;	15140;	-10
04.10.2016 10:06:45.197;	15138;	-1
04.10.2016 10:06:46.522;	15139;	1
04.10.2016 10:06:46.705;	15142;	3
04.10.2016 10:06:47.081;	15138;	-1
04.10.2016 10:06:47.444;	15142;	2
04.10.2016 10:06:48.212;	15140;	11
04.10.2016 10:06:50.214;	15140;	1
04.10.2016 10:06:50.854;	15140;	12
04.10.2016 10:06:51.852;	15140;	-1
04.10.2016 10:06:51.865;	15142;	1
04.10.2016 10:06:53.396;	15141;	-1
04.10.2016 10:06:54.212;	15144;	1
04.10.2016 10:06:55.002;	15142;	-5
04.10.2016 10:06:56.533;	15143;	25
04.10.2016 10:06:56.533;	15143;	5
04.10.2016 10:06:56.808;	15141;	-9
04.10.2016 10:06:56.810;	15141;	-1
04.10.2016 10:06:56.938;	15144;	8
04.10.2016 10:06:56.939;	15144;	8
04.10.2016 10:06:57.378;	15145;	1
04.10.2016 10:06:57.378;	15145;	7
04.10.2016 10:06:57.380;	15145;	8
04.10.2016 10:06:58.059;	15146;	1
04.10.2016 10:06:58.838;	15147;	8
04.10.2016 10:06:58.840;	15147;	8
04.10.2016 10:06:58.908;	15147;	2
04.10.2016 10:06:58.912;	15148;	8
04.10.2016 10:06:58.912;	15148;	1
04.10.2016 10:06:58.912;	15148;	7
04.10.2016 10:06:58.914;	15148;	13
04.10.2016 10:06:58.914;	15148;	7
04.10.2016 10:06:58.917;	15147;	2
04.10.2016 10:06:59.114;	15149;	1
04.10.2016 10:06:59.114;	15149;	1
04.10.2016 10:06:59.114;	15150;	1
04.10.2016 10:06:59.114;	15150;	1
04.10.2016 10:06:59.275;	15150;	5
04.10.2016 10:06:59.678;	15150;	8
04.10.2016 10:06:59.680;	15150;	4
04.10.2016 10:06:59.786;	15150;	2
04.10.2016 10:06:59.786;	15150;	1
04.10.2016 10:06:59.786;	15150;	1
04.10.2016 10:06:59.787;	15150;	2
04.10.2016 10:06:59.787;	15150;	2
04.10.2016 10:07:00.037;	15150;	2
04.10.2016 10:07:00.454;	15148;	-11
04.10.2016 10:07:02.140;	15148;	2
04.10.2016 10:07:02.154;	15149;	1
04.10.2016 10:07:02.154;	15149;	3
04.10.2016 10:07:02.154;	15149;	17
04.10.2016 10:07:02.162;	15150;	3
04.10.2016 10:07:02.165;	15150;	20
04.10.2016 10:07:02.648;	15147;	-2
04.10.2016 10:07:02.807;	15147;	-1
04.10.2016 10:07:02.871;	15147;	-17
04.10.2016 10:07:02.874;	15147;	31
04.10.2016 10:07:03.070;	15147;	2
04.10.2016 10:07:03.150;	15146;	-1
04.10.2016 10:07:03.150;	15146;	-2
04.10.2016 10:07:03.150;	15146;	-1
04.10.2016 10:07:03.150;	15145;	-1
04.10.2016 10:07:03.150;	15145;	-3
04.10.2016 10:07:03.150;	15145;	-3
04.10.2016 10:07:03.756;	15145;	-2
04.10.2016 10:07:03.881;	15145;	-1
04.10.2016 10:07:03.994;	15145;	-2
04.10.2016 10:07:03.994;	15144;	-6
04.10.2016 10:07:03.994;	15144;	-3
04.10.2016 10:07:03.994;	15144;	-8
04.10.2016 10:07:03.994;	15144;	-10
04.10.2016 10:07:03.994;	15144;	-1
04.10.2016 10:07:05.058;	15145;	-2
04.10.2016 10:07:05.089;	15142;	-10
04.10.2016 10:07:05.424;	15144;	10
04.10.2016 10:07:06.146;	15142;	-1
04.10.2016 10:07:06.434;	15145;	4
04.10.2016 10:07:06.435;	15145;	4
04.10.2016 10:07:06.901;	15145;	4
04.10.2016 10:07:07.273;	15146;	25
04.10.2016 10:07:07.273;	15146;	2
04.10.2016 10:07:07.273;	15147;	50
04.10.2016 10:07:07.273;	15147;	3
04.10.2016 10:07:07.273;	15147;	10
04.10.2016 10:07:07.273;	15147;	20
04.10.2016 10:07:07.273;	15148;	25
04.10.2016 10:07:07.273;	15148;	10
04.10.2016 10:07:07.273;	15148;	3
04.10.2016 10:07:07.273;	15148;	20
04.10.2016 10:07:07.273;	15148;	8
04.10.2016 10:07:07.273;	15148;	2
04.10.2016 10:07:07.273;	15149;	3
04.10.2016 10:07:07.273;	15149;	10
04.10.2016 10:07:07.273;	15150;	2
04.10.2016 10:07:07.273;	15150;	7
04.10.2016 10:07:07.275;	15147;	-25
04.10.2016 10:07:07.492;	15147;	9
04.10.2016 10:07:07.658;	15148;	-4
04.10.2016 10:07:07.674;	15150;	5
04.10.2016 10:07:07.686;	15151;	1
04.10.2016 10:07:07.686;	15151;	2
04.10.2016 10:07:11.135;	15148;	-2
04.10.2016 10:07:11.135;	15147;	-2
04.10.2016 10:07:11.135;	15146;	-2
04.10.2016 10:07:11.320;	15145;	-2
04.10.2016 10:07:11.323;	15144;	-7
04.10.2016 10:07:11.323;	15144;	-3
04.10.2016 10:07:11.850;	15144;	-1
04.10.2016 10:07:12.574;	15147;	4
04.10.2016 10:07:12.584;	15148;	4
04.10.2016 10:07:12.962;	15148;	20
04.10.2016 10:07:13.073;	15145;	-1
04.10.2016 10:07:13.570;	15148;	1
04.10.2016 10:07:13.570;	15148;	2
04.10.2016 10:07:13.570;	15149;	1
04.10.2016 10:07:17.390;	15147;	4
04.10.2016 10:07:17.391;	15146;	4
04.10.2016 10:07:18.043;	15149;	2
04.10.2016 10:07:18.090;	15148;	-30
04.10.2016 10:07:20.294;	15149;	1
04.10.2016 10:07:20.294;	15150;	14
04.10.2016 10:07:21.823;	15149;	10
04.10.2016 10:07:21.892;	15145;	-2
04.10.2016 10:07:21.897;	15144;	-30
04.10.2016 10:07:21.905;	15144;	-20
04.10.2016 10:07:21.912;	15143;	-6
04.10.2016 10:07:21.912;	15143;	-3
04.10.2016 10:07:21.913;	15143;	-73
04.10.2016 10:07:21.913;	15143;	-1
04.10.2016 10:07:21.917;	15142;	-10
04.10.2016 10:07:21.920;	15141;	-1
04.10.2016 10:07:21.920;	15141;	-3
04.10.2016 10:07:21.920;	15141;	-2
04.10.2016 10:07:21.923;	15141;	-4
04.10.2016 10:07:21.923;	15141;	-1
04.10.2016 10:07:21.923;	15141;	-2
04.10.2016 10:07:21.923;	15141;	-10
04.10.2016 10:07:21.937;	15140;	-1
04.10.2016 10:07:21.937;	15140;	-1
04.10.2016 10:07:21.937;	15140;	-1
04.10.2016 10:07:21.938;	15140;	-1
04.10.2016 10:07:22.168;	15142;	5
04.10.2016 10:07:25.872;	15141;	2
04.10.2016 10:07:26.565;	15140;	-2
04.10.2016 10:07:26.639;	15139;	-1
04.10.2016 10:07:26.639;	15139;	-1
04.10.2016 10:07:26.991;	15141;	30
04.10.2016 10:07:28.549;	15142;	1
04.10.2016 10:07:28.864;	15142;	2
04.10.2016 10:07:29.559;	15141;	-1
04.10.2016 10:07:29.559;	15140;	-6
04.10.2016 10:07:31.227;	15140;	-10
04.10.2016 10:07:31.356;	15144;	3
04.10.2016 10:07:31.356;	15144;	4
04.10.2016 10:07:32.396;	15144;	16
04.10.2016 10:07:32.396;	15145;	34
04.10.2016 10:07:35.992;	15142;	-1
04.10.2016 10:07:36.294;	15144;	11
04.10.2016 10:07:37.418;	15143;	3
04.10.2016 10:07:42.908;	15143;	-1
04.10.2016 10:07:42.908;	15143;	-2
04.10.2016 10:07:42.908;	15142;	-6
04.10.2016 10:07:44.322;	15143;	-1
04.10.2016 10:07:44.322;	15142;	-18
04.10.2016 10:07:44.322;	15142;	-20
04.10.2016 10:07:44.322;	15140;	-1
04.10.2016 10:07:45.198;	15147;	1
04.10.2016 10:07:45.198;	15147;	2
04.10.2016 10:07:45.198;	15147;	3
04.10.2016 10:07:46.776;	15147;	15
04.10.2016 10:07:46.782;	15148;	17
04.10.2016 10:07:46.783;	15148;	33
04.10.2016 10:07:46.783;	15148;	10
04.10.2016 10:07:46.787;	15149;	7
04.10.2016 10:07:46.787;	15149;	3
04.10.2016 10:07:46.793;	15150;	1
04.10.2016 10:07:46.798;	15151;	8
04.10.2016 10:07:46.798;	15151;	1
04.10.2016 10:07:46.798;	15151;	1
04.10.2016 10:07:46.798;	15151;	1
04.10.2016 10:07:46.798;	15151;	9
04.10.2016 10:07:46.800;	15151;	11
04.10.2016 10:07:46.805;	15152;	10
04.10.2016 10:07:46.805;	15152;	8
04.10.2016 10:07:46.806;	15153;	5
04.10.2016 10:07:46.806;	15153;	5
04.10.2016 10:07:46.806;	15153;	5
04.10.2016 10:07:46.809;	15153;	2
04.10.2016 10:07:46.814;	15153;	2
04.10.2016 10:07:46.817;	15153;	6
04.10.2016 10:07:46.817;	15153;	2
04.10.2016 10:07:46.829;	15154;	10
04.10.2016 10:07:46.829;	15154;	10
04.10.2016 10:07:46.829;	15154;	2
04.10.2016 10:07:46.831;	15152;	-1
04.10.2016 10:07:46.831;	15151;	-2
04.10.2016 10:07:46.831;	15151;	-3
04.10.2016 10:07:46.831;	15151;	-4
04.10.2016 10:07:46.833;	15154;	5
04.10.2016 10:07:46.833;	15154;	2
04.10.2016 10:07:46.839;	15153;	-10
04.10.2016 10:07:46.841;	15153;	-13
04.10.2016 10:07:46.842;	15152;	10
04.10.2016 10:07:46.842;	15154;	10
04.10.2016 10:07:46.847;	15152;	-13
04.10.2016 10:07:46.852;	15154;	1
04.10.2016 10:07:46.855;	15152;	-12
04.10.2016 10:07:46.855;	15151;	-8
04.10.2016 10:07:46.856;	15154;	9
04.10.2016 10:07:46.856;	15153;	-9
04.10.2016 10:07:46.879;	15155;	1
04.10.2016 10:07:46.879;	15155;	10
04.10.2016 10:07:46.879;	15155;	4
04.10.2016 10:07:46.893;	15155;	-2
04.10.2016 10:07:46.893;	15154;	-8
04.10.2016 10:07:47.507;	15156;	2
04.10.2016 10:07:47.664;	15156;	5
04.10.2016 10:07:47.667;	15153;	-16
04.10.2016 10:07:47.667;	15152;	-8
04.10.2016 10:07:47.667;	15151;	-16
04.10.2016 10:07:47.890;	15155;	4
04.10.2016 10:07:49.412;	15152;	-2
04.10.2016 10:07:49.448;	15153;	20
04.10.2016 10:07:49.525;	15152;	-5
04.10.2016 10:07:49.556;	15152;	-18
04.10.2016 10:07:49.556;	15151;	-3
04.10.2016 10:07:49.556;	15151;	-3
04.10.2016 10:07:49.557;	15151;	-16
04.10.2016 10:07:49.650;	15152;	-20
04.10.2016 10:07:49.650;	15150;	-18
04.10.2016 10:07:50.102;	15154;	2
04.10.2016 10:07:51.121;	15154;	1
04.10.2016 10:07:52.548;	15155;	6
04.10.2016 10:07:52.723;	15152;	-1
04.10.2016 10:07:52.770;	15152;	-1
04.10.2016 10:07:52.894;	15152;	-1
04.10.2016 10:07:53.035;	15152;	-1
04.10.2016 10:07:53.879;	15150;	-1
04.10.2016 10:07:53.884;	15152;	18
04.10.2016 10:07:53.884;	15152;	7
04.10.2016 10:07:53.884;	15153;	3
04.10.2016 10:07:54.986;	15151;	1
04.10.2016 10:07:55.377;	15151;	1
04.10.2016 10:07:57.404;	15148;	-2
04.10.2016 10:08:00.524;	15147;	-2
04.10.2016 10:08:00.833;	15147;	-1
04.10.2016 10:08:00.833;	15146;	-2
04.10.2016 10:08:01.497;	15149;	1
04.10.2016 10:08:02.925;	15146;	-5
04.10.2016 10:08:02.925;	15146;	-2
04.10.2016 10:08:02.958;	15143;	-7
04.10.2016 10:08:02.958;	15143;	-3
04.10.2016 10:08:02.961;	15142;	-6
04.10.2016 10:08:02.961;	15142;	-2
04.10.2016 10:08:02.963;	15142;	-2
04.10.2016 10:08:02.963;	15142;	-1
04.10.2016 10:08:02.984;	15143;	2
04.10.2016 10:08:02.998;	15141;	-1
04.10.2016 10:08:03.007;	15142;	2
04.10.2016 10:08:03.157;	15140;	-11
04.10.2016 10:08:03.157;	15140;	-3
04.10.2016 10:08:03.157;	15140;	-1
04.10.2016 10:08:03.157;	15140;	-1
04.10.2016 10:08:03.157;	15140;	-1
04.10.2016 10:08:03.157;	15139;	-10
04.10.2016 10:08:03.157;	15139;	-5
04.10.2016 10:08:03.157;	15139;	-3
04.10.2016 10:08:03.157;	15139;	-5
04.10.2016 10:08:03.163;	15140;	2
04.10.2016 10:08:03.235;	15139;	-1
04.10.2016 10:08:03.240;	15142;	4
04.10.2016 10:08:03.292;	15142;	2
04.10.2016 10:08:03.836;	15141;	4
04.10.2016 10:08:03.851;	15142;	2
04.10.2016 10:08:03.851;	15143;	2
04.10.2016 10:08:04.460;	15143;	1
04.10.2016 10:08:04.882;	15139;	-14
04.10.2016 10:08:04.882;	15139;	-2
04.10.2016 10:08:04.882;	15138;	-1
04.10.2016 10:08:04.882;	15138;	-10
04.10.2016 10:08:04.882;	15138;	-8
04.10.2016 10:08:04.882;	15138;	-3
04.10.2016 10:08:04.882;	15138;	-25
04.10.2016 10:08:04.882;	15137;	-10
04.10.2016 10:08:04.882;	15137;	-1
04.10.2016 10:08:04.882;	15137;	-3
04.10.2016 10:08:04.882;	15136;	-7
04.10.2016 10:08:04.882;	15136;	-10
04.10.2016 10:08:04.882;	15136;	-5
04.10.2016 10:08:04.882;	15136;	-1
04.10.2016 10:08:05.732;	15141;	4
04.10.2016 10:08:05.732;	15141;	4
04.10.2016 10:08:05.742;	15141;	4
04.10.2016 10:08:05.742;	15141;	1
04.10.2016 10:08:05.742;	15141;	3
04.10.2016 10:08:06.520;	15137;	-1
04.10.2016 10:08:09.445;	15142;	-4
04.10.2016 10:08:09.445;	15142;	-16
04.10.2016 10:08:09.457;	15143;	12
04.10.2016 10:08:11.850;	15142;	5
04.10.2016 10:08:11.851;	15142;	5
04.10.2016 10:08:11.852;	15142;	5
04.10.2016 10:08:11.852;	15142;	5
04.10.2016 10:08:11.854;	15143;	3
04.10.2016 10:08:11.869;	15144;	8
04.10.2016 10:08:11.887;	15144;	8
04.10.2016 10:08:11.972;	15142;	-1
04.10.2016 10:08:16.708;	15144;	5
04.10.2016 10:08:18.092;	15143;	-2
04.10.2016 10:08:18.101;	15144;	4
04.10.2016 10:08:18.108;	15144;	2
04.10.2016 10:08:18.305;	15142;	-5
04.10.2016 10:08:20.711;	15145;	20
04.10.2016 10:08:20.728;	15144;	-1
04.10.2016 10:08:20.790;	15146;	7
04.10.2016 10:08:22.713;	15147;	3
04.10.2016 10:08:22.713;	15147;	2
04.10.2016 10:08:22.713;	15148;	4
04.10.2016 10:08:23.531;	15145;	-1
04.10.2016 10:08:24.216;	15145;	-1
04.10.2016 10:08:24.216;	15144;	-3
04.10.2016 10:08:24.216;	15144;	-1
04.10.2016 10:08:25.040;	15147;	2
04.10.2016 10:08:25.040;	15147;	2
04.10.2016 10:08:25.041;	15147;	1
04.10.2016 10:08:25.042;	15147;	-2
04.10.2016 10:08:25.050;	15148;	2
04.10.2016 10:08:25.051;	15148;	2
04.10.2016 10:08:27.431;	15148;	2
04.10.2016 10:08:30.325;	15148;	1
04.10.2016 10:08:36.766;	15146;	-1
04.10.2016 10:08:37.167;	15148;	6
04.10.2016 10:08:37.170;	15148;	1
04.10.2016 10:08:37.479;	15146;	-1
04.10.2016 10:08:37.479;	15146;	-1
04.10.2016 10:08:39.631;	15145;	-1
04.10.2016 10:08:43.958;	15149;	10
04.10.2016 10:08:43.958;	15149;	1
04.10.2016 10:08:43.958;	15149;	3
04.10.2016 10:08:43.975;	15150;	25
04.10.2016 10:08:43.975;	15150;	1
04.10.2016 10:08:44.019;	15151;	1
04.10.2016 10:08:44.827;	15150;	4
04.10.2016 10:08:48.240;	15147;	-2
04.10.2016 10:08:48.968;	15149;	5
04.10.2016 10:08:49.299;	15146;	-1
04.10.2016 10:08:56.715;	15147;	-1
04.10.2016 10:08:57.171;	15148;	1
04.10.2016 10:08:57.199;	15148;	2
04.10.2016 10:08:57.776;	15148;	2
04.10.2016 10:08:57.776;	15148;	25
04.10.2016 10:08:57.776;	15148;	3
04.10.2016 10:08:57.776;	15149;	5
04.10.2016 10:08:57.776;	15149;	10
04.10.2016 10:08:57.776;	15149;	1
04.10.2016 10:08:57.776;	15149;	4
04.10.2016 10:08:58.957;	15146;	-1
04.10.2016 10:09:00.526;	15146;	-50
04.10.2016 10:09:00.526;	15146;	-2
04.10.2016 10:09:00.530;	15145;	-1
04.10.2016 10:09:00.847;	15143;	-1
04.10.2016 10:09:02.001;	15145;	50
04.10.2016 10:09:02.907;	15145;	-4
04.10.2016 10:09:02.907;	15145;	-1
04.10.2016 10:09:03.006;	15143;	-2
04.10.2016 10:09:04.833;	15143;	-1
04.10.2016 10:09:07.938;	15143;	-1
04.10.2016 10:09:08.114;	15143;	-1
04.10.2016 10:09:11.267;	15143;	-1
04.10.2016 10:09:13.832;	15143;	-1
04.10.2016 10:09:17.035;	15145;	2
04.10.2016 10:09:17.230;	15146;	1
04.10.2016 10:09:17.230;	15146;	9
04.10.2016 10:09:17.234;	15146;	1
04.10.2016 10:09:17.236;	15147;	10
04.10.2016 10:09:17.439;	15148;	1
04.10.2016 10:09:17.553;	15146;	-10
04.10.2016 10:09:24.968;	15150;	5
04.10.2016 10:09:30.408;	15149;	3
04.10.2016 10:09:31.348;	15150;	9
04.10.2016 10:09:31.360;	15150;	1
04.10.2016 10:09:31.360;	15150;	41
04.10.2016 10:09:31.362;	15150;	1
04.10.2016 10:09:31.362;	15150;	3
04.10.2016 10:09:31.365;	15150;	1
04.10.2016 10:09:31.369;	15150;	4
04.10.2016 10:09:31.409;	15151;	1
04.10.2016 10:09:37.542;	15148;	-3
04.10.2016 10:09:37.703;	15150;	5
04.10.2016 10:09:37.703;	15151;	5
04.10.2016 10:09:38.830;	15147;	-1
04.10.2016 10:09:39.272;	15151;	10
04.10.2016 10:09:47.714;	15149;	1
04.10.2016 10:09:48.183;	15150;	50
04.10.2016 10:09:54.178;	15148;	8
04.10.2016 10:10:00.848;	15148;	-34
04.10.2016 10:10:01.101;	15145;	-3
04.10.2016 10:10:01.101;	15144;	-25
04.10.2016 10:10:01.101;	15144;	-3
04.10.2016 10:10:01.101;	15144;	-8
04.10.2016 10:10:01.101;	15144;	-10
04.10.2016 10:10:01.101;	15144;	-20
04.10.2016 10:10:01.101;	15143;	-5
04.10.2016 10:10:01.101;	15143;	-1
04.10.2016 10:10:01.402;	15145;	-12
04.10.2016 10:10:01.568;	15144;	-5
04.10.2016 10:10:01.568;	15144;	-3
04.10.2016 10:10:01.568;	15144;	-2
04.10.2016 10:10:01.584;	15144;	-5
04.10.2016 10:10:01.585;	15144;	-3
04.10.2016 10:10:01.653;	15144;	-3
04.10.2016 10:10:01.653;	15144;	-6
04.10.2016 10:10:01.718;	15144;	-14
04.10.2016 10:10:01.718;	15143;	-2
04.10.2016 10:10:01.718;	15143;	-3
04.10.2016 10:10:01.718;	15142;	-3
04.10.2016 10:10:01.718;	15142;	-8
04.10.2016 10:10:01.720;	15144;	-5
04.10.2016 10:10:01.762;	15148;	1
04.10.2016 10:10:02.152;	15144;	-9
04.10.2016 10:10:02.490;	15147;	2
04.10.2016 10:10:03.502;	15147;	5
04.10.2016 10:10:03.628;	15144;	-1
04.10.2016 10:10:10.734;	15143;	-2
04.10.2016 10:10:10.736;	15143;	-2
04.10.2016 10:10:11.837;	15143;	-4
04.10.2016 10:10:12.472;	15143;	-10
04.10.2016 10:10:13.342;	15143;	-7
04.10.2016 10:10:13.345;	15143;	3
04.10.2016 10:10:13.494;	15145;	2
04.10.2016 10:10:15.093;	15143;	-1
04.10.2016 10:10:16.534;	15142;	-1
04.10.2016 10:10:16.768;	15142;	-1
04.10.2016 10:10:17.595;	15142;	-15
04.10.2016 10:10:17.832;	15145;	11
04.10.2016 10:10:18.831;	15144;	2
04.10.2016 10:10:18.831;	15144;	2
04.10.2016 10:10:20.195;	15142;	-10
04.10.2016 10:10:20.486;	15142;	-4
04.10.2016 10:10:20.981;	15142;	-40
04.10.2016 10:10:21.026;	15142;	-10
04.10.2016 10:10:21.124;	15142;	-19
04.10.2016 10:10:21.124;	15141;	-3
04.10.2016 10:10:21.124;	15141;	-10
04.10.2016 10:10:21.124;	15141;	-2
04.10.2016 10:10:21.124;	15141;	-6
04.10.2016 10:10:21.279;	15141;	-14
04.10.2016 10:10:21.279;	15140;	-25
04.10.2016 10:10:21.279;	15140;	-1
04.10.2016 10:10:22.010;	15140;	-1
04.10.2016 10:10:22.010;	15140;	-9
04.10.2016 10:10:22.126;	15140;	-1
04.10.2016 10:10:22.126;	15140;	-1
04.10.2016 10:10:22.544;	15143;	9
04.10.2016 10:10:24.120;	15143;	1
04.10.2016 10:10:24.642;	15140;	-1
04.10.2016 10:10:26.767;	15143;	5
04.10.2016 10:10:27.300;	15142;	1
04.10.2016 10:10:28.830;	15142;	7
04.10.2016 10:10:29.082;	15140;	-1
04.10.2016 10:10:31.561;	15141;	3
04.10.2016 10:10:31.561;	15142;	7
04.10.2016 10:10:32.781;	15142;	3
04.10.2016 10:10:32.781;	15143;	10
04.10.2016 10:10:32.781;	15143;	10
04.10.2016 10:10:32.781;	15144;	3
04.10.2016 10:10:32.781;	15144;	10
04.10.2016 10:10:32.781;	15144;	3
04.10.2016 10:10:32.781;	15144;	8
04.10.2016 10:10:32.781;	15144;	1
04.10.2016 10:10:32.781;	15144;	20
04.10.2016 10:10:32.781;	15144;	2
04.10.2016 10:10:32.781;	15144;	1
04.10.2016 10:10:32.781;	15145;	5
04.10.2016 10:10:32.781;	15145;	12
04.10.2016 10:10:32.781;	15145;	10
04.10.2016 10:10:32.781;	15145;	2
04.10.2016 10:10:33.526;	15140;	-4
04.10.2016 10:10:34.622;	15139;	-1
04.10.2016 10:10:34.622;	15139;	-5
04.10.2016 10:10:35.530;	15138;	-1
04.10.2016 10:10:36.290;	15138;	2
04.10.2016 10:10:36.290;	15139;	8
04.10.2016 10:10:37.372;	15139;	17
04.10.2016 10:10:37.372;	15139;	3
04.10.2016 10:10:37.417;	15137;	-3
04.10.2016 10:10:37.699;	15137;	-9
04.10.2016 10:10:38.730;	15138;	-20
04.10.2016 10:10:39.261;	15137;	-3
04.10.2016 10:10:39.261;	15137;	-1
04.10.2016 10:10:39.261;	15137;	-2
04.10.2016 10:10:39.261;	15137;	-4
04.10.2016 10:10:40.068;	15137;	-1
04.10.2016 10:10:40.591;	15137;	-15
04.10.2016 10:10:40.593;	15137;	-2
04.10.2016 10:10:40.593;	15137;	-1
04.10.2016 10:10:40.842;	15136;	-7
04.10.2016 10:10:40.842;	15136;	-15
04.10.2016 10:10:40.842;	15136;	-2
04.10.2016 10:10:40.858;	15135;	-10
04.10.2016 10:10:40.858;	15135;	-1
04.10.2016 10:10:40.858;	15135;	-7
04.10.2016 10:10:40.858;	15135;	-2
04.10.2016 10:10:40.861;	15135;	-59
04.10.2016 10:10:40.861;	15135;	-21
04.10.2016 10:10:40.861;	15135;	-17
04.10.2016 10:10:40.864;	15134;	-10
04.10.2016 10:10:40.864;	15134;	-25
04.10.2016 10:10:40.864;	15134;	-1
04.10.2016 10:10:40.864;	15134;	-8
04.10.2016 10:10:40.864;	15133;	-10
04.10.2016 10:10:40.864;	15133;	-1
04.10.2016 10:10:40.864;	15133;	-41
04.10.2016 10:10:40.865;	15133;	-20
04.10.2016 10:10:40.865;	15133;	-15
04.10.2016 10:10:40.867;	15132;	-1
04.10.2016 10:10:40.867;	15132;	-10
04.10.2016 10:10:40.867;	15132;	-1
04.10.2016 10:10:40.867;	15132;	-15
04.10.2016 10:10:40.867;	15132;	-8
04.10.2016 10:10:40.868;	15132;	-2
04.10.2016 10:10:40.869;	15132;	-6
04.10.2016 10:10:40.869;	15131;	-1
04.10.2016 10:10:40.869;	15131;	-1
04.10.2016 10:10:40.869;	15131;	-1
04.10.2016 10:10:40.869;	15131;	-6
04.10.2016 10:10:40.869;	15131;	-4
04.10.2016 10:10:40.874;	15130;	-1
04.10.2016 10:10:40.874;	15130;	-5
04.10.2016 10:10:40.874;	15130;	-18
04.10.2016 10:10:40.876;	15130;	-2
04.10.2016 10:10:40.876;	15130;	-1
04.10.2016 10:10:40.876;	15130;	-5
04.10.2016 10:10:40.876;	15130;	-4
04.10.2016 10:10:40.878;	15130;	-1
04.10.2016 10:10:40.878;	15130;	-1
04.10.2016 10:10:40.878;	15130;	-1
04.10.2016 10:10:40.878;	15130;	-1
04.10.2016 10:10:40.878;	15130;	-1
04.10.2016 10:10:40.878;	15130;	-1
04.10.2016 10:10:40.887;	15129;	-19
04.10.2016 10:10:40.888;	15130;	2
04.10.2016 10:10:40.889;	15129;	-6
04.10.2016 10:10:40.889;	15129;	-1
04.10.2016 10:10:40.889;	15129;	-6
04.10.2016 10:10:40.889;	15129;	-10
04.10.2016 10:10:40.916;	15128;	-1
04.10.2016 10:10:41.062;	15129;	2
04.10.2016 10:10:41.064;	15129;	-3
04.10.2016 10:10:41.244;	15130;	1
04.10.2016 10:10:41.506;	15127;	-1
04.10.2016 10:10:41.506;	15127;	-2
04.10.2016 10:10:41.628;	15127;	-3
04.10.2016 10:10:41.650;	15129;	5
04.10.2016 10:10:41.734;	15128;	5
04.10.2016 10:10:41.735;	15128;	1
04.10.2016 10:10:41.950;	15128;	-1
04.10.2016 10:10:42.146;	15129;	-1
04.10.2016 10:10:42.401;	15127;	-1
04.10.2016 10:10:42.575;	15127;	-4
04.10.2016 10:10:42.575;	15127;	-1
04.10.2016 10:10:42.907;	15130;	3
04.10.2016 10:10:42.907;	15130;	2
04.10.2016 10:10:42.907;	15130;	10
04.10.2016 10:10:42.907;	15130;	1
04.10.2016 10:10:42.907;	15130;	14
04.10.2016 10:10:43.455;	15131;	9
04.10.2016 10:10:43.455;	15131;	11
04.10.2016 10:10:43.479;	15128;	-1
04.10.2016 10:10:43.479;	15131;	10
04.10.2016 10:10:43.479;	15131;	2
04.10.2016 10:10:43.673;	15131;	2
04.10.2016 10:10:43.673;	15131;	3
04.10.2016 10:10:44.090;	15128;	-1
04.10.2016 10:10:49.870;	15128;	-2
04.10.2016 10:10:51.904;	15130;	13
04.10.2016 10:10:51.904;	15130;	7
04.10.2016 10:10:51.907;	15130;	1
04.10.2016 10:10:51.907;	15130;	7
04.10.2016 10:10:51.907;	15130;	3
04.10.2016 10:10:52.454;	15130;	-1
04.10.2016 10:10:53.413;	15132;	1
04.10.2016 10:10:53.415;	15132;	1
04.10.2016 10:10:53.417;	15132;	1
04.10.2016 10:10:53.420;	15132;	2
04.10.2016 10:10:53.421;	15132;	1
04.10.2016 10:10:53.423;	15132;	1
04.10.2016 10:10:53.425;	15132;	1
04.10.2016 10:10:53.437;	15132;	1
04.10.2016 10:10:53.437;	15132;	2
04.10.2016 10:10:53.439;	15132;	1
04.10.2016 10:10:53.439;	15132;	3
04.10.2016 10:10:53.440;	15132;	2
04.10.2016 10:10:53.441;	15132;	4
04.10.2016 10:10:53.441;	15132;	3
04.10.2016 10:10:53.441;	15132;	1
04.10.2016 10:10:53.444;	15133;	1
04.10.2016 10:10:53.444;	15133;	2
04.10.2016 10:10:53.444;	15133;	1
04.10.2016 10:10:53.446;	15133;	4
04.10.2016 10:10:53.446;	15133;	1
04.10.2016 10:10:53.448;	15133;	2
04.10.2016 10:10:53.456;	15133;	7
04.10.2016 10:10:53.456;	15133;	3
04.10.2016 10:10:53.471;	15134;	12
04.10.2016 10:10:53.471;	15134;	12
04.10.2016 10:10:53.471;	15134;	10
04.10.2016 10:10:53.477;	15135;	10
04.10.2016 10:10:53.477;	15135;	2
04.10.2016 10:10:53.485;	15134;	3
04.10.2016 10:10:53.487;	15134;	7
04.10.2016 10:10:53.489;	15135;	7
04.10.2016 10:10:53.489;	15135;	3
04.10.2016 10:10:53.493;	15135;	10
04.10.2016 10:10:53.496;	15135;	-10
04.10.2016 10:10:53.496;	15136;	7
04.10.2016 10:10:53.496;	15136;	3
04.10.2016 10:10:53.502;	15137;	2
04.10.2016 10:10:53.503;	15136;	-10
04.10.2016 10:10:53.504;	15137;	8
04.10.2016 10:10:53.504;	15137;	2
04.10.2016 10:10:53.510;	15137;	4
04.10.2016 10:10:53.510;	15137;	6
04.10.2016 10:10:53.510;	15138;	2
04.10.2016 10:10:53.514;	15137;	-10
04.10.2016 10:10:53.515;	15138;	6
04.10.2016 10:10:53.515;	15138;	2
04.10.2016 10:10:53.518;	15138;	-10
04.10.2016 10:10:53.522;	15138;	-10
04.10.2016 10:10:53.537;	15139;	10
04.10.2016 10:10:53.807;	15137;	-1
04.10.2016 10:10:53.903;	15140;	1
04.10.2016 10:10:53.995;	15137;	-1
04.10.2016 10:10:53.995;	15136;	-3
04.10.2016 10:10:54.280;	15140;	1
04.10.2016 10:10:54.592;	15140;	1
04.10.2016 10:10:54.633;	15136;	-1
04.10.2016 10:10:54.998;	15140;	1
04.10.2016 10:10:55.160;	15136;	-8
04.10.2016 10:10:55.160;	15136;	-2
04.10.2016 10:10:55.160;	15136;	-3
04.10.2016 10:10:55.160;	15135;	-17
04.10.2016 10:10:56.922;	15135;	-1
04.10.2016 10:10:57.429;	15135;	-1
04.10.2016 10:10:57.649;	15135;	-1
04.10.2016 10:10:58.192;	15135;	-1
04.10.2016 10:10:58.442;	15134;	-1
04.10.2016 10:11:00.268;	15133;	-2
04.10.2016 10:11:00.403;	15135;	15
04.10.2016 10:11:00.403;	15135;	17
04.10.2016 10:11:00.403;	15135;	10
04.10.2016 10:11:00.506;	15135;	-7
04.10.2016 10:11:00.506;	15134;	-3
04.10.2016 10:11:00.506;	15134;	-3
04.10.2016 10:11:00.506;	15134;	-10
04.10.2016 10:11:00.509;	15134;	10
04.10.2016 10:11:01.331;	15134;	-2
04.10.2016 10:11:01.333;	15134;	-2
04.10.2016 10:11:02.495;	15133;	-4
04.10.2016 10:11:02.725;	15133;	-2
04.10.2016 10:11:02.945;	15135;	1
04.10.2016 10:11:03.298;	15132;	-3
04.10.2016 10:11:04.812;	15132;	-1
04.10.2016 10:11:10.299;	15132;	-4
04.10.2016 10:11:10.299;	15132;	-16
04.10.2016 10:11:10.578;	15133;	-4
04.10.2016 10:11:10.578;	15133;	-1
04.10.2016 10:11:13.867;	15132;	-1
04.10.2016 10:11:15.034;	15132;	-1
04.10.2016 10:11:15.541;	15132;	-2
04.10.2016 10:11:15.541;	15131;	-1
04.10.2016 10:11:18.388;	15131;	-4
04.10.2016 10:11:18.388;	15131;	-1
04.10.2016 10:11:24.430;	15133;	5
04.10.2016 10:11:25.950;	15131;	-1
04.10.2016 10:11:26.053;	15133;	3
04.10.2016 10:11:26.403;	15131;	-1
04.10.2016 10:11:26.765;	15131;	-1
04.10.2016 10:11:26.780;	15131;	-1
04.10.2016 10:11:27.027;	15131;	-1
04.10.2016 10:11:27.243;	15133;	2
04.10.2016 10:11:28.109;	15131;	-1
04.10.2016 10:11:28.310;	15131;	-1
04.10.2016 10:11:28.484;	15132;	25
04.10.2016 10:11:28.490;	15133;	13
04.10.2016 10:11:28.490;	15133;	12
04.10.2016 10:11:28.495;	15131;	-2
04.10.2016 10:11:28.495;	15131;	-1
04.10.2016 10:11:28.520;	15130;	-2
04.10.2016 10:11:28.520;	15130;	-7
04.10.2016 10:11:28.566;	15130;	-3
04.10.2016 10:11:28.566;	15130;	-1
04.10.2016 10:11:28.566;	15130;	-10
04.10.2016 10:11:28.571;	15129;	-50
04.10.2016 10:11:28.571;	15129;	-1
04.10.2016 10:11:28.571;	15129;	-7
04.10.2016 10:11:28.571;	15129;	-3
04.10.2016 10:11:29.799;	15128;	-3
04.10.2016 10:11:29.799;	15128;	-12
04.10.2016 10:11:30.729;	15128;	-10
04.10.2016 10:11:33.210;	15128;	-1
04.10.2016 10:11:33.565;	15128;	-1
04.10.2016 10:11:33.815;	15128;	-2
04.10.2016 10:11:36.392;	15132;	8
04.10.2016 10:11:36.392;	15132;	6
04.10.2016 10:11:36.396;	15132;	2
04.10.2016 10:11:36.424;	15133;	2
04.10.2016 10:11:36.427;	15133;	2
04.10.2016 10:11:37.099;	15133;	4
04.10.2016 10:11:37.099;	15133;	2
04.10.2016 10:11:37.448;	15132;	-3
04.10.2016 10:11:39.302;	15134;	1
04.10.2016 10:11:39.454;	15132;	-2
04.10.2016 10:11:40.332;	15132;	-8
04.10.2016 10:11:41.817;	15131;	-3
04.10.2016 10:11:54.203;	15131;	-10
04.10.2016 10:11:54.203;	15131;	-10
04.10.2016 10:11:54.203;	15131;	-3
04.10.2016 10:11:54.203;	15131;	-8
04.10.2016 10:11:54.203;	15130;	-9
04.10.2016 10:11:54.881;	15133;	-1
04.10.2016 10:12:01.651;	15134;	1
04.10.2016 10:12:01.962;	15133;	9
04.10.2016 10:12:01.965;	15133;	2
04.10.2016 10:12:05.783;	15134;	1
04.10.2016 10:12:11.773;	15132;	-5
04.10.2016 10:12:12.117;	15132;	-10
04.10.2016 10:12:12.117;	15132;	-11
04.10.2016 10:12:12.117;	15132;	-1
04.10.2016 10:12:13.861;	15133;	1
04.10.2016 10:12:13.889;	15133;	2
04.10.2016 10:12:16.826;	15134;	2
04.10.2016 10:12:16.826;	15134;	1
04.10.2016 10:12:19.214;	15131;	-7
04.10.2016 10:12:20.189;	15134;	1
04.10.2016 10:12:21.791;	15134;	1
04.10.2016 10:12:24.131;	15131;	-2
04.10.2016 10:12:33.326;	15132;	-3
04.10.2016 10:12:33.326;	15132;	-1
04.10.2016 10:12:34.423;	15131;	-1
04.10.2016 10:12:34.423;	15131;	-3
04.10.2016 10:12:34.424;	15131;	-2
04.10.2016 10:12:34.448;	15130;	-1
04.10.2016 10:12:35.001;	15132;	5
04.10.2016 10:12:37.495;	15129;	-2
04.10.2016 10:12:37.869;	15129;	-1
04.10.2016 10:12:37.869;	15129;	-1
04.10.2016 10:12:37.869;	15129;	-2
04.10.2016 10:12:37.869;	15129;	-1
04.10.2016 10:12:38.891;	15129;	-4
04.10.2016 10:12:45.083;	15129;	-1
04.10.2016 10:12:47.989;	15129;	-1
04.10.2016 10:12:47.993;	15129;	-9
04.10.2016 10:12:48.615;	15130;	2
04.10.2016 10:12:48.615;	15130;	2
04.10.2016 10:12:50.862;	15130;	4
04.10.2016 10:12:50.866;	15128;	-2
04.10.2016 10:12:51.849;	15128;	-22
04.10.2016 10:12:51.849;	15128;	-10
04.10.2016 10:12:51.879;	15127;	-1
04.10.2016 10:12:51.905;	15127;	-13
04.10.2016 10:12:51.905;	15127;	-5
04.10.2016 10:12:51.905;	15127;	-1
04.10.2016 10:12:51.923;	15126;	-7
04.10.2016 10:12:51.923;	15126;	-1
04.10.2016 10:12:51.923;	15126;	-1
04.10.2016 10:12:51.923;	15126;	-1
04.10.2016 10:12:52.289;	15125;	-1
04.10.2016 10:12:52.289;	15125;	-1
04.10.2016 10:12:52.297;	15125;	-3
04.10.2016 10:12:52.529;	15125;	-2
04.10.2016 10:12:52.706;	15125;	-1
04.10.2016 10:12:53.154;	15125;	-2
04.10.2016 10:12:53.174;	15125;	-11
04.10.2016 10:12:54.030;	15128;	25
04.10.2016 10:12:54.030;	15128;	2
04.10.2016 10:12:54.030;	15128;	3
04.10.2016 10:12:54.106;	15125;	-1
04.10.2016 10:12:54.106;	15125;	-10
04.10.2016 10:12:54.106;	15125;	-9
04.10.2016 10:12:56.541;	15125;	-1
04.10.2016 10:12:56.547;	15124;	-2
04.10.2016 10:12:56.547;	15124;	-3
04.10.2016 10:12:56.548;	15124;	-2
04.10.2016 10:12:56.731;	15123;	-1
04.10.2016 10:12:56.888;	15123;	-1
04.10.2016 10:12:57.104;	15123;	-3
04.10.2016 10:12:57.152;	15123;	-1
04.10.2016 10:12:57.152;	15123;	-1
04.10.2016 10:12:57.156;	15123;	-1
04.10.2016 10:12:57.156;	15123;	-1
04.10.2016 10:12:57.156;	15123;	-1
04.10.2016 10:12:57.175;	15122;	-1
04.10.2016 10:12:57.175;	15122;	-1
04.10.2016 10:12:57.175;	15122;	-1
04.10.2016 10:12:57.198;	15122;	-10
04.10.2016 10:12:57.198;	15122;	-5
04.10.2016 10:12:57.198;	15122;	-1
04.10.2016 10:12:57.198;	15122;	-4
04.10.2016 10:12:57.198;	15122;	-10
04.10.2016 10:12:57.198;	15122;	-25
04.10.2016 10:12:57.198;	15121;	-1
04.10.2016 10:12:57.198;	15121;	-1
04.10.2016 10:12:57.198;	15121;	-25
04.10.2016 10:12:57.198;	15121;	-1
04.10.2016 10:12:57.198;	15121;	-13
04.10.2016 10:12:57.198;	15121;	-1
04.10.2016 10:12:57.198;	15121;	-3
04.10.2016 10:12:57.203;	15121;	-7
04.10.2016 10:12:57.203;	15121;	-20
04.10.2016 10:12:57.203;	15121;	-48
04.10.2016 10:12:57.207;	15121;	-2
04.10.2016 10:12:57.210;	15120;	-1
04.10.2016 10:12:57.210;	15120;	-1
04.10.2016 10:12:57.215;	15120;	-1
04.10.2016 10:12:57.215;	15120;	-1
04.10.2016 10:12:57.215;	15120;	-20
04.10.2016 10:12:57.215;	15120;	-10
04.10.2016 10:12:57.215;	15120;	-5
04.10.2016 10:12:57.216;	15120;	-1
04.10.2016 10:12:57.223;	15119;	-1
04.10.2016 10:12:57.223;	15119;	-1
04.10.2016 10:12:57.223;	15119;	-1
04.10.2016 10:12:57.223;	15119;	-10
04.10.2016 10:12:57.223;	15119;	-1
04.10.2016 10:12:57.223;	15119;	-2
04.10.2016 10:12:57.223;	15119;	-8
04.10.2016 10:12:57.227;	15119;	1
04.10.2016 10:12:57.230;	15119;	16
04.10.2016 10:12:57.234;	15118;	-1
04.10.2016 10:12:57.234;	15118;	-1
04.10.2016 10:12:57.250;	15117;	-1
04.10.2016 10:12:57.250;	15117;	-1
04.10.2016 10:12:57.250;	15117;	-1
04.10.2016 10:12:57.250;	15117;	-1
04.10.2016 10:12:57.266;	15116;	-9
04.10.2016 10:12:57.266;	15116;	-7
04.10.2016 10:12:57.266;	15116;	-29
04.10.2016 10:12:57.266;	15116;	-1
04.10.2016 10:12:57.298;	15116;	-2
04.10.2016 10:12:57.395;	15115;	-1
04.10.2016 10:12:57.395;	15115;	-1
04.10.2016 10:12:57.395;	15115;	-1
04.10.2016 10:12:57.401;	15117;	1
04.10.2016 10:12:57.401;	15117;	1
04.10.2016 10:12:57.401;	15117;	3
04.10.2016 10:12:57.403;	15117;	4
04.10.2016 10:12:57.403;	15115;	-1
04.10.2016 10:12:57.415;	15115;	-1
04.10.2016 10:12:57.415;	15115;	-2
04.10.2016 10:12:57.415;	15115;	-1
04.10.2016 10:12:57.415;	15115;	-2
04.10.2016 10:12:57.415;	15114;	-1
04.10.2016 10:12:57.415;	15114;	-1
04.10.2016 10:12:57.415;	15114;	-3
04.10.2016 10:12:57.430;	15114;	-1
04.10.2016 10:12:57.432;	15114;	-1
04.10.2016 10:12:57.432;	15114;	-1
04.10.2016 10:12:57.432;	15114;	-1
04.10.2016 10:12:57.432;	15114;	-1
04.10.2016 10:12:57.435;	15114;	-1
04.10.2016 10:12:57.620;	15114;	-1
04.10.2016 10:12:57.642;	15114;	-25
04.10.2016 10:12:57.642;	15114;	-8
04.10.2016 10:12:57.642;	15114;	-2
04.10.2016 10:12:57.661;	15114;	-20
04.10.2016 10:12:57.661;	15114;	-1
04.10.2016 10:12:57.661;	15114;	-9
04.10.2016 10:12:57.677;	15114;	-1
04.10.2016 10:12:57.678;	15114;	-10
04.10.2016 10:12:57.678;	15114;	-6
04.10.2016 10:12:57.678;	15113;	-1
04.10.2016 10:12:57.678;	15113;	-1
04.10.2016 10:12:57.678;	15113;	-1
04.10.2016 10:12:57.678;	15113;	-5
04.10.2016 10:12:57.678;	15113;	-34
04.10.2016 10:12:57.679;	15113;	-1
04.10.2016 10:12:57.687;	15113;	-56
04.10.2016 10:12:57.687;	15113;	-44
04.10.2016 10:12:57.687;	15113;	-10
04.10.2016 10:12:57.687;	15113;	-5
04.10.2016 10:12:57.687;	15113;	-1
04.10.2016 10:12:57.687;	15113;	-1
04.10.2016 10:12:57.687;	15113;	-4
04.10.2016 10:12:57.688;	15114;	5
04.10.2016 10:12:57.688;	15114;	5
04.10.2016 10:12:57.689;	15114;	5
